2122 3676
171 141 257 203 riu
281 140 623 203 errorurrsrm
651 139 827 202 rmore.
855 93 858 97 ’
910 116 963 200 ia

62 273 224 346 Quaerenti
242 293 359 332 oensem
380 274 462 331 ‘dum
482 293 542 332 nox
561 273 642 346 sinit,
663 273 769 350 effuge'
788 273 865 332 dixi:

104 371 197 427 ‘Dum
216 390 278 428 nox
296 376 361 427 etro
380 370 459 442 sinit,
481 377 516 428 tu
534 369 620 447 fugis,
642 369 705 446 ipse
723 369 836 431 moror.’

61 467 154 525 Mane
174 472 243 536 eret,
262 473 294 524 et
313 467 435 524 Danaus
453 486 574 543 generos
593 487 631 526 ex
650 467 737 525 oeede
755 466 877 526 iacentis

102 561 287 619 Dinumeret.
318 581 447 620 summae
466 562 597 620 oriminis
616 580 695 620 unus
714 562 789 621 abes.

60 657 134 716 Fert
152 656 228 714 male
248 663 385 733 cognatae
404 657 547 715 iacturam
566 658 671 716 mortis
689 657 723 716 in
743 677 812 733 uuo,

102 756 144 812 Et
165 754 297 830 queritur
316 754 387 813 faeti
406 755 558 830 saugrnnis
577 773 639 813 esse
658 774 769 831 parurn

58 849 230 909 Abstrahor
249 869 267 907 a
285 850 389 926 patriis
408 851 539 926 pedibus,
559 857 732 928 raptamque
751 851 897 928 capillis...

102 948 187 1005 Haeo
207 947 314 1005 meruit
332 946 426 1022 pietas
445 948 609 1024 praemia...
632 967 728 1007 ooroer
747 949 843 1009 habet.

58 1041 182 1099 Scilicet
201 1061 239 1099 ex
258 1042 310 1101 illo
330 1042 458 1101 Iunonia
477 1049 629 1120 permanet
648 1043 700 1116 ira,
839 1033 842 1037 ’

102 1137 169 1207 Quo
189 1139 240 1196 bos
260 1158 298 1197 ex
316 1139 434 1197 homine
454 1145 507 1210 est,
529 1159 566 1197 ex
585 1139 659 1197 bove
679 1139 755 1197 facte
775 1140 835 1199 dea

56 1236 108 1292 At
129 1236 200 1293 satis
220 1243 265 1294 est
283 1255 393 1314 poenae
412 1243 543 1295 teneram
562 1237 688 1313 mugisse
707 1238 844 1314 puellam,

101 1334 175 1406 Neo,
197 1333 282 1391 modo
301 1333 464 1406 formosam,
486 1353 569 1411 posse
589 1334 702 1410 plaeere
721 1335 795 1395 Iovi.

55 1432 193 1490 Adstitit
212 1431 245 1488 in
264 1430 328 1508 ripa
348 1431 453 1508 liquidi
472 1451 549 1490 nova
568 1451 656 1490 vacca
675 1432 813 1508 parentis,

101 1527 277 1603 Cornuaque
296 1527 328 1584 in
349 1527 454 1603 patriis
473 1546 534 1585 non
553 1547 607 1586 sua
626 1528 703 1586 vidit
722 1529 819 1604 aquis:

59 1623 232 1698 Conatoque
252 1623 336 1699 queri
355 1625 486 1700 mugitus
506 1624 598 1682 edidit
617 1644 675 1698 ore,

100 1719 275 1795 Territaque
294 1725 339 1776 est
358 1719 459 1792 forma,
478 1721 584 1778 territa
603 1740 674 1779 voce
690 1740 751 1779 sua.

60 1817 143 1887 Quid
163 1816 246 1890 furis,
267 1816 393 1876 infelixl
420 1818 492 1894 quid
511 1824 542 1876 te
562 1819 677 1877 miraris
697 1821 729 1877 in
749 1819 870 1876 umbrat

102 1911 182 1982 Quid
202 1930 336 1969 numeras
355 1911 447 1970 laotos
466 1912 503 1969 ad
523 1931 601 1970 nova
620 1912 750 1970 membra
768 1913 875 1989 podest

60 2009 120 2066 Illa
141 2007 221 2065 Iovis
241 2008 340 2084 magni
359 2007 446 2084 pelex
464 2009 622 2066 metuenda
640 2007 740 2082 sorori,

101 2104 218 2161 Fronde
238 2103 318 2162 levas
337 2104 461 2162 nimiam
479 2104 713 2181 caespitibusque
733 2105 860 2162 famem:

61 2197 157 2257 Fonte
177 2197 263 2272 bibis,
283 2203 453 2275 spectasque
472 2206 555 2257 tuam
575 2200 736 2276 stupefacta
755 2200 887 2276 figuram,

102 2295 150 2368 Et,
173 2302 203 2354 te
223 2313 261 2352 ne
280 2295 386 2355 feriant
405 2315 479 2371 quae
498 2296 575 2373 geris
594 2316 683 2368 arma
704 2296 798 2354 times

62 2392 203 2468 Quaeque
221 2392 316 2462 modo,
336 2399 371 2450 ut
390 2411 488 2468 posses
508 2393 597 2450 etiam
617 2393 689 2450 Iove
709 2392 797 2468 digna
817 2392 918 2464 videri,

101 2486 194 2544 Dives
215 2505 287 2558 eras,
308 2487 388 2544 nude
407 2487 488 2545 nuda
506 2480 651 2545 recumbis
669 2487 767 2547 humo.

61 2583 121 2642 Per
138 2601 229 2657 mare,
248 2602 301 2659 per
319 2589 412 2642 terras
432 2590 611 2662 cognataque
631 2584 754 2642 flumina
773 2584 879 2643 cruris:

100 2680 163 2739 Dat
182 2699 269 2754 mare,
291 2681 365 2739 dant
384 2701 492 2753 amnes,
513 2681 565 2739 dat
583 2682 641 2739 tibi
659 2688 739 2739 terra
757 2681 845 2741 viam.

59 2779 142 2848 Quae
155 2777 213 2836 tibi
226 2797 312 2835 eausa
324 2778 428 2854 fugael
451 2777 536 2851 Qud,
553 2777 596 2851 Io,
612 2777 687 2835 freta
700 2777 787 2853 longa
800 2778 948 2852 pererrasl

97 2876 169 2934 Non
189 2875 299 2953 poteris
318 2875 420 2933 vultus
439 2875 565 2952 effugere
584 2876 647 2951 ipsa
667 2879 741 2933 tuos.

103 3054 283 3118 82Vsaotum.
383 3052 414 3101 86
425 3050 509 3101 Madv.
521 3066 600 3114 quom.
713 3051 827 3101 stela.
865 3048 947 3098 Vah!

58 3120 87 3172 91
99 3118 278 3171 evaeorum.
356 3117 495 3166 lOOeuda.
