2122 3676
100 265 138 324 32
344 261 488 324 OVIDII
503 258 746 322 sPlsrUer.

101 395 171 453 Non
192 398 256 453 erat
277 393 326 450 hic
347 393 424 451 aries
443 392 516 450 villo
537 393 704 469 spectabilis
725 410 822 466 aureo,
857 398 861 405 “

64 496 89 533 ⁵⁰
138 489 204 548 Nec
222 489 300 549 senis
321 488 435 547 Aeetae
455 486 536 564 regia
556 487 682 546 Lemnos
701 494 773 548 erat.

99 587 188 648 Oerta
206 587 252 646 fui
272 587 397 664 primo...
412 586 465 646 sed
483 605 531 644 me
551 587 629 644 mala
647 586 711 644 fata
730 587 919 647 trahebant...

138 684 268 762 Hospita
287 684 414 742 feminea
433 683 543 760 pellere
563 688 659 740 castra
677 701 775 743 manu

98 780 330 857 Lemniadesque
346 779 435 853 viros,
449 778 576 837 nimium
593 798 716 857 quoque,
730 780 848 837 vincere
865 789 971 839 norunt

138 879 238 937 Milite
257 883 318 936 tam
339 877 412 935 forti
434 876 499 935 vita
516 875 628 934 tuenda
649 876 715 936 fuit.

64 995 88 1033 ss
99 975 184 1035 Urbe
204 972 304 1032 virum
324 972 397 1048 iuvi,
418 978 553 1050 tectoque
572 973 728 1051 animoque
748 973 852 1049 recepi.

138 1070 200 1128 Hic
218 1069 277 1128 tibi
297 1069 402 1146 bisque
422 1074 517 1128 aestas
536 1068 641 1146 bisque
661 1069 790 1126 cucurrit
810 1068 932 1146 hiemps.

97 1166 199 1225 Tertia
217 1164 320 1224 messis
339 1170 412 1239 erat,
433 1185 501 1223 cum
519 1169 556 1222 tu
575 1164 645 1222 dare
663 1162 731 1220 vela
751 1169 867 1221 coactus

138 1261 275 1339 Implesti
294 1260 423 1319 lacrimis
443 1261 517 1319 talia
535 1260 627 1319 verba
646 1258 726 1318 tuis:

101 1360 286 1434 ‘Abstrahor,
302 1360 477 1445 Hypsipyle.
501 1360 552 1418 sed
568 1359 639 1417 dent
656 1358 743 1416 modo
760 1357 823 1415 iata
841 1376 971 1418 recursus

62 1471 88 1511 ⁶0
139 1457 197 1517 Vir
216 1463 286 1516 tuus
305 1458 374 1516 hinc
393 1459 474 1532 abeo,
495 1459 543 1516 vir
562 1458 619 1516 tibi
638 1475 751 1533 semper
770 1475 826 1515 ero.

99 1555 185 1628 Quod
203 1561 304 1614 tamen
324 1575 341 1614 e
359 1556 445 1614 nobis
464 1555 586 1633 gravida
606 1554 718 1613 celatur
737 1554 769 1611 in
789 1553 865 1625 alvo,

137 1651 240 1726 Vivat,
261 1656 292 1710 et
311 1651 443 1710 eiusdem
462 1652 553 1710 simus
572 1657 698 1727 uterque
717 1649 840 1726 parens)

98 1748 261 1806 Hactenus
302 1752 333 1805 et
352 1747 479 1806 lacrimis
499 1748 533 1806 in
551 1748 625 1806 iblsa
645 1746 816 1804 cadentibus
835 1763 887 1803 cra
935 1761 936 1764 ’

138 1842 243 1902 Cetera
262 1847 293 1902 te
312 1844 435 1902 memini
453 1863 514 1902 non
533 1843 664 1921 potuisse
683 1842 773 1919 loqui.

62 1957 86 2006 ⁶⁵
99 1939 234 2000 Ultimus
253 1959 270 1999 e
290 1940 374 2000 sociis
395 1960 507 1999 sacram
528 1939 696 1999 conscendis
717 1938 750 1994 in
770 1938 893 2013 Argon:

137 2037 196 2097 Illa
216 2040 303 2099 volat
349 2045 457 2098 ventus
478 2056 606 2097 concava
628 2036 693 2094 vela
714 2040 804 2093 tenet.

98 2133 223 2193 Caerula
242 2135 398 2212 propulsae
420 2135 594 2194 subducitur
613 2133 695 2192 unda
714 2130 842 2190 carinae:

136 2230 226 2289 Terra
246 2232 312 2306 tibi,
334 2233 418 2291 nobis
439 2231 622 2308 aspiciuntur
644 2249 744 2308 aquae.

98 2328 138 2387 In
157 2327 237 2415 latus
258 2348 344 2387 omne
364 2335 469 2407 patens
490 2327 582 2387 turris
603 2325 803 2402 circumspicit
821 2324 931 2382 undas:

62 2453 88 2494 70
138 2425 209 2483 Huc
229 2424 316 2499 feror,
339 2431 371 2484 et
391 2425 519 2484 lacrimis
540 2444 630 2502 osque
652 2425 792 2501 sinusque
813 2425 945 2483 madent.

99 2520 157 2581 Per
176 2520 310 2579 lacrimas
331 2527 437 2598 specto.
481 2522 660 2599 cupidaeque
680 2522 813 2580 faventia
831 2521 926 2579 menti

136 2618 269 2704 Longius
289 2619 409 2678 adsueto
430 2620 545 2678 lumina
565 2627 667 2681 nostra
688 2621 799 2677 vident.

97 2714 185 2776 Adde
206 2733 305 2792 preces
325 2721 428 2792 castas,
450 2717 634 2793 inmixtaque
655 2721 726 2775 vcta
747 2713 855 2786 timori,

137 2810 226 2871 Nunc
246 2831 362 2889 quoque
380 2817 411 2870 te
434 2813 515 2870 salvo
536 2811 730 2889 persoluenda
748 2809 849 2867 mihi...
890 2886 892 2889 ι

143 2931 390 2995 49εΜυο...αιινο.
423 2931 643 2983 EVcillc...caro.
713 2931 850 2980 50Eoete.
918 2928 971 2978 511

96 3003 176 3046 cora.
231 2996 290 3047 ΕΝ
303 2997 432 3058 recusata.
488 2997 662 3045 53Ecoract.
723 2995 792 3044 sim
807 3008 892 3044 causa.
953 2993 971 3040 5.

90 3059 151 3121 jaci
165 3074 197 3109 ex
210 3060 308 3138 optima
317 3060 383 3122 conj.
397 3060 433 3110 Pa
444 3059 519 3111 edidi.
553 3059 713 3110 EeVMcidc‘.
748 3125 754 3136 .
781 3059 971 3134 56cbiscestas

96 3187 470 3252 s
535 3123 971 3240 ..assume

96 3252 176 3302 sulcos
186 3257 246 3300 eiust
253 3253 385 3314 astrencia,
395 3265 507 3316 superse.
515 3254 688 3317 persoluenda.
721 3269 733 3300 ε
743 3253 805 3300 ciro.
