2122 3676
116 227 133 283 2
355 189 760 289 cusnirnrrsrunln.

115 351 191 426 Sive,
213 350 421 411 Menoetiaden
440 351 520 412 falsis
540 353 675 413 cecidisse
695 355 750 413 sub
770 353 867 431 armis,

153 449 274 506 Flebam
293 468 425 509 successu
444 469 528 527 posse
547 469 644 510 carere
664 452 752 513 dolos.

115 546 262 624 Sanguine
282 547 465 624 Tlepolemus
484 546 605 624 Lyciam
625 550 799 625 tepefecerat
812 549 935 624 hostem,

77 675 101 702 20
153 643 312 722 Tlepolemi
331 643 390 701 leto
410 663 480 701 cura
498 649 607 702 novata
625 664 690 716 mea
710 651 762 707 est.

112 739 256 816 Denique,
278 738 410 817 quisquis
430 744 493 798 erat
512 740 615 798 castris
634 739 785 817 iugulatus
804 742 937 818 Achivis,

152 836 300 914 Frigidius
319 836 410 913 glacie
429 841 530 914 pectus
550 837 676 895 amantis
696 843 766 898 erat

112 932 170 993 Sed
190 934 265 993 bene
284 933 432 992 consuluit
450 939 529 991 casto
549 934 620 992 deus
640 954 749 1011 aequus
768 935 871 999 amori.

40 1085 42 1087 ,
151 1030 248 1089 Versa
267 1035 312 1089 eet
331 1029 364 1088 in
383 1028 493 1088 cineres
514 1029 620 1106 sospite
641 1030 729 1089 Troia
741 1030 816 1091 viro.

75 1154 99 1193 25
112 1125 246 1204 Argolici
264 1125 376 1185 rediere
395 1126 490 1185 duces.
531 1125 636 1184 altaria
655 1127 784 1188 fument:

152 1223 279 1282 Ponitur
297 1222 335 1281 ad
354 1222 464 1299 patrios
483 1224 607 1281 barbara
625 1223 733 1301 praeda
752 1224 827 1283 deos

113 1319 207 1379 Grata
225 1319 325 1377 serunt
343 1319 491 1396 nymphae
510 1338 563 1397 pro
583 1309 672 1378 salvis
691 1320 769 1379 dona
786 1321 913 1382 maritis:

152 1415 204 1472 Illi
223 1414 382 1473 victa-suis
401 1415 504 1474 Troica
522 1415 584 1474 fata
603 1422 742 1478 canuntf

111 1510 262 1569 Mirantur
280 1510 409 1587 iustique
429 1530 511 1570 senes
530 1514 718 1590 trepidaeque
736 1514 863 1590 puellae:

75 1631 99 1669 ³0
151 1606 311 1666 Narrantis
333 1608 462 1667 coniunx
481 1608 590 1686 pendet
608 1610 646 1666 ab
666 1611 801 1692 ore-virt

111 1703 213 1782 Atque
232 1705 338 1783 aliquis
358 1705 452 1782 posite
471 1711 616 1765 monstrat
634 1707 696 1765 fera
714 1709 824 1784 praelia
842 1728 952 1786 mensa,

151 1800 254 1879 Pingit
273 1807 304 1860 et
322 1802 428 1878 exiguo
448 1800 591 1879 Pergama
609 1808 674 1861 tots
692 1823 786 1864 mero:

113 1898 197 1958 ‘Hac
216 1887 280 1958 ibat
300 1898 413 1973 Simois,
434 1900 489 1959 hac
508 1905 554 1958 eet
574 1900 670 1978 Sigeia
689 1901 786 1974 tellus,

150 1995 212 2054 Hic
231 2001 352 2055 steterat
371 1996 484 2055 Priami
503 1996 583 2074 regie
602 1997 678 2055 celsa
697 1997 788 2056 senis:
835 2071 838 2077 1

73 2109 97 2147 as
111 2090 179 2150 Illic
197 2092 350 2167 Aeacides,
371 2092 432 2150 illic
451 2092 592 2151 tendebat
612 2093 733 2151 Ulixes:

150 2188 212 2246 Hic
230 2188 307 2247 lacer
325 2188 466 2247 admissos
485 2189 592 2246 terruit
612 2190 726 2247 Hector
745 2187 852 2266 equos'

25 2289 33 2301 ⁵
111 2282 219 2341 Omnia
236 2302 363 2359 namque
382 2290 435 2341 tuo
454 2283 551 2342 senior
569 2290 600 2341 te
620 2304 757 2361 quaerere
776 2285 865 2344 misso

150 2379 305 2438 Retulerat
324 2387 413 2456 gnato
432 2381 550 2453 Nestor,
572 2388 604 2439 at
624 2383 675 2440 ille
694 2381 776 2443 mihi.

110 2477 227 2536 Retulit
246 2484 277 2535 et
295 2476 373 2535 ferro
393 2478 583 2555 Rhesumque
602 2479 776 2557 Dolonaque
795 2499 899 2553 caesos,

71 2605 98 2642 40
150 2573 253 2650 thue
272 2573 312 2632 sit
331 2573 379 2631 hic
398 2593 499 2632 somno
518 2575 662 2652 proditus,
683 2576 734 2634 ille
754 2576 828 2636 dolo.

110 2672 211 2731 Ausus
231 2691 270 2745 es,
291 2691 308 2731 o
328 2671 454 2730 nimium
472 2673 655 2750 nimiumque
675 2674 764 2732 oblite
783 2678 911 2747 tucrum,

148 2769 271 2828 Threcia
290 2774 434 2828 nocturno
453 2775 573 2847 tangere
593 2777 688 2828 castra
708 2770 782 2842 dolo,

151 2910 214 2960 28ss
223 2913 288 2961 illic.
332 2912 365 2960 32
375 2911 424 2960 Pro
434 2926 498 2960 mero
508 2910 656 2973 Sedlmayer
663 2917 739 2960 metro
749 2909 772 2958 Ε
784 2907 919 2959 attribuit:
935 2909 1002 2960 falso

107 2975 258 3024 studetur.
323 2977 355 3024 33
368 2975 490 3026 SioEeM
524 2975 561 3023 Pe
573 2977 639 3024 hoec.
675 2975 759 3023 vute.
793 2974 1001 3037 Eclectuporto.

94 3037 180 3089 -un
196 3040 269 3088 cella.
346 3039 378 3088 36
397 3039 439 3091 Sic
456 3039 523 3089 Pae.
558 3039 633 3087 EVM
648 3041 733 3087 alacer
752 3040 847 3088 missos.
929 3038 961 3088 39
976 3038 1001 3088 Ε

107 3101 246 3166 (lacusque
267 3118 343 3152 cessa
439 3103 473 3151 40
493 3102 517 3152 E
539 3104 621 3153 dolon.
655 3103 693 3151 Pe
708 3104 780 3162 vigil.
813 3100 881 3151 Mihi
895 3100 1002 3163 quidem

95 3164 191 3227 ‘pleat
208 3165 394 3282 &Pil
411 3169 486 3217 lucro.
527 3165 613 3215 Dolon
632 3166 701 3216 enim
718 3181 773 3214 non
794 3168 851 3216 dolo
870 3165 916 3215 sed
932 3167 1002 3217 lucro

106 3229 190 3290 perus
320 3246 345 3280 x.
389 3233 413 3281 1.
