2122 3676
173 198 256 259 XIV.
280 198 622 263 HYPBBMNESYRA
645 201 841 268 brucho„
909 203 945 264 77

60 327 203 404 Undique
223 329 377 386 conlucent
399 330 579 406 praecinctae
601 330 749 408 lampades
770 350 860 391 auro:
961 373 984 410 25

100 426 220 485 Dantur
238 416 270 483 in
290 426 399 483 invitos
418 427 508 502 impia
528 433 596 485 tura
614 428 711 487 focos:

59 523 176 599 Vulgus
192 523 330 597 ‘Hymem
341 524 519 599 Hymenaee'
534 531 645 585 vocant.
660 526 737 603 fugit
748 526 798 583 ille
805 525 945 597 vocantis,

99 617 171 693 Ipsa
193 617 274 674 Iovis
296 618 424 675 coniunx
447 619 533 676 cessit
553 620 591 677 ab
615 620 686 678 urbe
707 640 766 679 sua

59 711 135 769 Ecce
157 730 236 768 mero
253 713 347 784 dubii,
371 713 510 770 comitum
532 715 655 772 clamore
672 715 846 792 frequentes,

98 807 185 864 Flore
204 826 281 864 novo
302 807 433 864 madidas
456 808 633 884 impediente
655 829 759 881 comas,

59 907 98 964 In
117 906 261 964 thalamos
281 907 386 965 laeti...
403 907 555 978 thalamos,
574 927 628 965 sua
645 908 783 965 bustal...
799 908 944 977 feruntur,

100 1004 256 1080 Strataque
279 1004 452 1080 corporibus,
477 1004 580 1062 funere
601 1005 696 1081 digna,
719 1010 863 1081 premunt

59 1102 182 1177 Iamque
202 1102 266 1159 cibo
285 1101 411 1176 vinoque
431 1120 535 1179 graves
554 1120 711 1178 somnoque
730 1102 872 1173 iacebant,

98 1196 295 1271 Securumque
319 1197 401 1273 quies
423 1198 484 1254 alta
505 1216 557 1273 per
577 1197 674 1272 Argos
696 1203 778 1254 erat:

59 1292 178 1351 circum
200 1312 246 1350 me
269 1293 395 1369 gemitus
417 1294 595 1350 morientum
617 1293 718 1350 audire
739 1292 895 1350 videbar...
960 1332 983 1369 35

98 1388 140 1444 Et
162 1392 261 1446 tamen
285 1389 441 1461 audieram,
465 1389 599 1465 quodque
623 1390 751 1462 verebar,
774 1396 845 1447 erat.
994 1458 996 1462 .

58 1482 185 1558 Sanguis
204 1483 274 1555 abit,
296 1490 481 1559 mentemque
501 1485 578 1540 calor
597 1502 757 1560 corpusque
776 1484 925 1561 relinquit,

98 1579 195 1654 Inque
214 1597 291 1636 novo
310 1579 387 1635 iacui
407 1580 515 1655 frigida
534 1580 612 1637 facta
631 1588 704 1637 toro,

58 1675 106 1734 Ut
127 1672 189 1731 leni
212 1673 337 1749 zephyro
359 1674 480 1750 graciles
503 1674 658 1731 vibrantur
680 1673 793 1744 aristae,

98 1771 218 1847 Frigida
240 1772 378 1848 populeas
401 1777 437 1828 ut
459 1772 556 1847 quatit
577 1791 647 1829 aura
668 1790 772 1841 comas,
959 1813 984 1848 ⁴0

57 1868 126 1925 Aut
149 1869 198 1941 sic,
223 1869 385 1925 autetiam
410 1868 524 1924 tremui·
538 1869 636 1942 magis.
679 1866 749 1943 Ipse
771 1866 891 1938 tacebas

99 1963 238 2040 Quaeque
259 1964 315 2020 tibi
335 1963 471 2020 dederam
490 1963 568 2034 vina,
589 1962 699 2038 soporis
720 1969 810 2021 erant

58 2061 220 2119 Excussere
240 2068 351 2119 metum
370 2054 495 2118 violenti
513 2061 591 2119 iussa
610 2060 757 2136 parentis:

99 2157 211 2234 Erigor,
233 2164 263 2214 et
284 2157 365 2233 capio
385 2158 444 2214 tela
463 2163 607 2214 tremente
627 2176 723 2215 manu.

56 2253 130 2310 Non
149 2272 202 2329 ego
221 2253 295 2310 falsa
314 2254 424 2329 loquar.
466 2260 512 2311 ter
532 2260 652 2310 acutum
671 2251 792 2310 sustulit
811 2271 918 2324 ensem,
958 2289 983 2327 4⁵

99 2350 157 2408 Ter
176 2351 252 2408 mele
271 2352 386 2409 sublato
406 2351 526 2409 reccidit
545 2369 614 2408 ense
633 2369 745 2409 manus.

58 2445 191 2503 Admovi
210 2445 346 2522 iugulo...
370 2447 433 2505 sine
452 2466 499 2503 me
519 2446 577 2502 tibi
595 2465 667 2503 vera
685 2445 808 2504 fateri...

99 2543 230 2600 Admovi
252 2544 354 2619 iugulo
374 2544 434 2601 tela
454 2549 577 2619 paterna
595 2549 667 2602 tuo:

57 2639 117 2697 Sed
136 2639 225 2697 timor
245 2646 275 2697 et
294 2641 389 2716 pietas
408 2640 574 2698 crudelibus
593 2639 711 2698 obstitit
730 2639 816 2711 ausis,

98 2736 244 2811 Castaque
263 2738 434 2795 mandatum
454 2738 559 2796 dextra
577 2737 686 2813 refugit
706 2755 785 2813 opus
960 2769 985 2807 ⁵0

960 855 985 891 30

109 2933 141 2985 27
149 2932 211 2983 th
228 2948 321 2983 macac.
387 2934 418 2981 31
437 2951 448 2982 ε
466 2935 495 2981 ia
513 2934 633 2981 titulantes
648 2933 709 2980 lacti
720 2932 833 2993 juvenes.
915 2934 947 2981 42

57 2997 95 3047 Pa
108 2998 194 3058 ptem.
205 2948 268 3046 llide
279 2996 347 3057 quod
358 2997 492 3059 explicavit
502 2996 554 3045 ille,
587 2994 653 3044 Mihi
664 2995 766 3056 quidem
780 2995 875 3045 falsum
891 3010 947 3047 esse

57 3075 88 3110 ec
99 3059 207 3121 videtur,
221 3062 289 3122 quod
300 3061 502 3122 Hypermnestra
512 3074 565 3109 non
577 3059 670 3108 dormit
682 3059 726 3109 sed
738 3059 837 3122 trepida
847 3060 946 3122 vigilat.

57 3125 90 3175 46
108 3142 120 3174 ε
140 3125 414 3177 castrametatura
448 3125 485 3175 Pa
495 3126 595 3174 recidit.
622 3124 901 3183 Reccidit=rccccidit,·
917 3127 947 3174 ut

56 3189 157 3240 rettulit
166 3191 343 3252 procerarum.
