2122 3676
243 258 328 320 VIII.
351 256 581 317 HERMIONE
601 255 794 316 ORESPAE.
926 251 963 312 47

75 391 218 464 Rumpor,
239 394 269 446 et
289 406 340 444 ora
359 386 432 444 mihi
452 387 562 462 pariter
582 405 648 442 cum
668 390 766 443 mente
786 378 962 455 tumescunt,

116 485 298 560 Pectoraque
316 483 437 542 inclusis
456 482 575 558 ignibus
594 488 662 539 usta
681 481 790 539 dolent.

75 579 239 637 Hermione
259 598 355 636 eoram
375 579 567 656 quisquamne
588 578 694 636 obiecit
714 578 820 650 Oresti,

115 673 180 730 Neo
199 674 272 731 mihi
293 681 363 731 sunt
382 674 469 744 vires,
489 691 543 730 nee
562 673 642 729 ferus
661 671 739 730 ensis
759 673 863 730 adestl
977 683 1003 720 ⁶0

76 770 161 826 Flere
180 770 251 828 licet
270 776 354 828 certe.
395 770 491 827 flendo
511 769 701 826 diffundimus
720 768 804 840 nam,

114 865 229 942 Perque
249 866 344 923 sinum
367 865 502 923 lacrimae
522 863 651 922 fluminis
671 860 765 922 instar
784 870 864 922 eunt.

75 964 141 1020 Has
161 963 235 1021 solas
254 963 347 1020 habeo
368 981 487 1037 semper,
509 981 679 1038 semperque
698 962 861 1038 profundo:

115 1060 231 1118 Ument
249 1058 377 1115 incultae
397 1058 478 1115 fonte
498 1077 625 1134 perenne
644 1076 743 1134 genae.
850 1100 852 1105 -

74 1155 159 1212 Num
179 1155 292 1231 generis
311 1155 381 1225 fato,
403 1155 481 1231 quod
501 1161 617 1212 nostros
636 1161 715 1212 errat
734 1154 767 1211 in
787 1172 886 1226 annos,
977 1167 1001 1214 ⁶⁵

115 1251 283 1307 Tantalides
303 1257 411 1307 matres
431 1257 501 1326 apta
520 1250 623 1325 rapina
643 1253 765 1308 sumusl

74 1347 146 1404 Non
166 1366 219 1423 ego
238 1347 371 1406 fluminei
390 1347 516 1405 referam
535 1348 686 1405 mendacia
709 1348 803 1423 cygni,

114 1444 179 1501 Nec
199 1463 304 1519 querar
323 1443 356 1499 in
376 1443 483 1520 plumis
503 1443 652 1501 delituisse
672 1443 780 1502 Iovem.

74 1537 141 1606 Qua
160 1538 218 1594 duo
237 1544 388 1613 porrectus
407 1537 493 1613 longe
512 1539 588 1596 freta
608 1538 730 1596 distinet
750 1540 888 1611 Isthmos,

115 1634 211 1690 Vecta
230 1635 390 1709 peregrinis
411 1635 610 1710 Hippodamia
629 1636 709 1692 rotis.
977 1659 1001 1694 70

74 1730 190 1788 Castori
210 1730 369 1804 Amyclaeo
389 1736 420 1787 et
440 1731 599 1806 Amyclaeo
619 1731 735 1789 Polluci

113 1826 242 1882 Reddita
262 1825 416 1901 Mopsopia
435 1826 573 1883 Taenaris
593 1827 665 1883 urbe
686 1844 784 1884 soror:

71 1922 212 1979 Taenaris
232 1923 322 1980 Idaeo
341 1928 424 1979 trans
444 1941 571 1998 aequora
590 1923 626 1978 ab
647 1923 762 1998 hospite
782 1928 867 1998 rapta

112 2020 265 2095 Argolicas
286 2039 338 2096 pro
357 2039 388 2077 se
408 2021 501 2077 vertit
523 2021 555 2075 in
575 2036 657 2076 arma
677 2038 788 2077 manus.
938 2095 939 2098 Ἴ

72 2114 138 2170 Vix
155 2114 289 2190 equidem
306 2114 435 2187 memini,
455 2114 576 2173 memini
596 2120 705 2172 tamen.
740 2116 838 2172 omnia
855 2116 960 2185 luctus,
975 2133 999 2171 τε

112 2211 220 2268 Omnia
239 2210 357 2268 solliciti
376 2211 464 2286 plena
484 2210 600 2268 timoris
620 2216 712 2268 erant.

73 2305 178 2363 Flebat
197 2324 269 2363 avus
288 2307 462 2383 Phoebeque
482 2325 562 2364 soror
581 2308 742 2383 fratresque
762 2307 887 2383 gemelli,

111 2402 222 2459 Orabat
242 2422 360 2478 superos
381 2403 461 2460 Leda
480 2422 623 2479 suumque
644 2403 752 2460 Iovem.

70 2497 142 2573 Ipsa
160 2516 221 2573 ego,
242 2518 303 2556 non
322 2500 422 2574 longos
442 2500 532 2556 etiam
552 2505 616 2557 tum
638 2500 725 2556 scissa
744 2500 872 2576 capillos,

111 2594 279 2651 Clamabam
300 2597 374 2652 ‘sine
394 2615 449 2667 me,
471 2597 609 2668 mesine,
631 2604 733 2669 mater,
755 2597 849 2654 abiel'
972 2607 999 2647 ⁸0

70 2690 151 2746 Nam
169 2692 299 2749 coniunx
318 2693 425 2750 eberat.
469 2693 516 2750 Ne
536 2713 595 2750 non
617 2694 753 2770 Pelopeia
772 2695 880 2762 credar,

111 2786 184 2843 Ecce
204 2787 398 2864 Neoptolemo
418 2789 526 2864 praeda
545 2796 648 2864 parata
666 2790 718 2848 fui.

69 2881 186 2942 Pelides
205 2883 320 2942 utinam
340 2884 463 2942 vitasset
482 2885 632 2960 Apollinis
658 2887 759 2943 arcus!

108 2977 272 3036 Damnaret
292 2980 355 3036 nati
375 2979 453 3037 faeta
472 2986 609 3055 proterva
628 2987 717 3057 pater,

117 3119 374 3184 erraaefuaerma.
407 3122 546 3184 evnarff„
612 3086 863 3182 escrae...saaa.
926 3120 958 3170 ee

68 3198 177 3233 comma.
246 3185 412 3234 69ederiaet.
478 3186 554 3236 72eV
565 3187 688 3248 Messapia
701 3187 833 3250 Tyndaris.
884 3187 914 3236 73
924 3185 959 3235 eV

70 3247 203 3310 Tyndaris.
257 3249 417 3300 llePlroebt.
451 3246 604 3312 Vflaebatque
615 3264 691 3298 soror.
