2122 3676
119 229 157 291 ‘14
356 227 500 289 OVIDII
522 213 762 289 apiarum

118 358 259 418 Excutior
278 375 388 430 somno,
409 357 619 433 simulacraque
639 356 733 415 nootie
752 355 858 418 adoro:

156 454 249 513 Nulla
268 459 348 512 earet
366 454 448 512 fumo
467 453 612 511 Thessalia
631 472 683 511 ara
701 452 785 512 meoz

116 551 194 610 Tura
213 551 324 623 damus,
345 549 551 626 lacrimamque
570 569 665 626 super,
685 568 745 626 qua
763 568 864 627 sparsa
882 552 1006 628 reluoet,

156 646 203 706 Ut
222 646 296 705 solet
314 645 418 704 adfuso
437 663 555 721 surgere
574 644 692 702 flamma
711 664 798 705 mero.

68 775 103 815 115
117 745 241 818 Quando
261 763 321 820 ego,
342 749 373 802 te
393 743 529 802 reduoem
548 743 662 820 onpidie
681 744 817 822 amplexa
836 745 964 823 laoertie,

157 842 311 920 Languida
332 840 446 899 laetitia
464 841 561 898 solvar
580 842 617 899 ab
636 841 700 917 ipea
718 843 803 900 meai

117 937 241 1008 Quando
260 937 325 1010 erit,
346 942 382 994 ut
401 936 477 994 lecto
496 953 611 994 meeum
630 937 704 995 bene
722 937 840 997 innotus
858 939 892 998 in
911 960 974 999 uno

155 1034 283 1093 Militiae
302 1033 411 1092 referas
430 1032 582 1108 splendida
600 1033 678 1091 faeta
697 1035 784 1093 tuael

116 1132 198 1203 Quae
216 1130 291 1188 mihi
310 1131 380 1188 dum
400 1129 514 1202 referor,
536 1128 670 1206 quamvis
689 1129 791 1188 audire
809 1130 934 1206 iuvabit,

67 1259 104 1287 ιω
156 1227 256 1285 Multa
274 1232 375 1284 tamen
394 1225 489 1302 rapies
509 1224 615 1296 osenla,
635 1225 730 1283 multa
749 1224 839 1284 dabie

116 1323 236 1400 Semper
255 1323 288 1380 in
306 1322 354 1380 hie
372 1328 440 1399 apte
460 1321 611 1379 narrantia
630 1321 718 1380 verba
737 1323 901 1384 resistunt:

155 1418 322 1494 Promptior
340 1423 386 1475 eet
405 1418 484 1474 dulei
503 1417 605 1494 lingua
623 1417 732 1476 refecta
750 1436 839 1478 mora

115 1514 171 1573 Sed
192 1533 257 1572 oum
277 1513 364 1571 Troia
382 1514 471 1586 subit,
492 1515 620 1572 subeunt
638 1516 779 1591 ventique
798 1515 973 1594 fretumque,

154 1610 225 1686 Spes
244 1609 321 1668 bona
339 1609 465 1668 sollicito
484 1610 563 1668 vieta
582 1611 687 1670 timore
706 1612 791 1673 eadit.

66 1704 181 1776 125Hoo
200 1723 324 1782 quoque,
344 1705 423 1780 quod
442 1705 524 1763 venti
544 1706 700 1782 prohibent
718 1707 799 1764 exire
818 1706 938 1779 minae,

154 1801 205 1860 Me
224 1808 341 1860 movet:
363 1801 466 1859 invitis
485 1802 528 1859 ire
548 1802 659 1878 paratio
678 1803 770 1880 aquia.

114 1897 187 1969 Quis
207 1898 279 1957 velit
298 1899 331 1957 in
351 1899 477 1976 patriam
496 1906 585 1958 vento
605 1900 777 1975 prohibente
796 1902 926 1960 revertit

152 1996 184 2053 A
203 1995 299 2073 patria
317 1996 419 2073 pelago
438 1995 504 2053 vela
523 2004 643 2054 vetante
662 1997 757 2054 dotia!

113 2089 182 2166 Ipse
201 2109 284 2148 suam
303 2109 363 2148 non
383 2092 502 2166 praebet
521 2091 579 2148 iter
598 2092 756 2167 Neptimus
775 2092 813 2150 ad
832 2092 942 2151 urbem

65 2217 101 2254 130
153 2183 218 2254 Quo
237 2186 345 2243 mitiai
370 2186 493 2243 Vestrae
513 2186 634 2263 quisque
655 2188 749 2245 redite
768 2188 885 2245 domos!

113 2277 179 2349 Quo
198 2280 294 2351 mitia,
315 2280 431 2340 Danai'l
457 2281 572 2340 Ventos
592 2285 692 2342 audite
711 2285 858 2343 vetantia!

152 2375 221 2433 Non
242 2375 333 2434 subiti
353 2396 444 2448 oaeus,
464 2378 595 2436 numinis
614 2380 672 2437 ista
690 2399 772 2439 mora
792 2386 843 2441 eet.

112 2469 192 2541 Quid
212 2471 325 2548 petitur
343 2477 428 2530 tanto
447 2473 505 2530 nisi
524 2477 620 2551 turpis
639 2475 772 2534 adultera
791 2475 889 2536 belloi

152 2568 232 2628 Dum
252 2567 330 2641 lieet,
352 2567 489 2627 Inachiae
508 2571 615 2629 vertite
634 2573 700 2629 vela
718 2575 814 2632 rateal

64 2692 100 2731 ης
113 2665 171 2726 Sed
190 2665 262 2743 quid
281 2683 335 2742 ago
354 2669 512 2726 revocans?
541 2687 627 2726 omen
645 2669 808 2726 revooantie
828 2669 935 2741 abesto,

152 2761 322 2838 Blandaque
344 2762 516 2838 oompoaitae
535 2783 607 2821 aura
625 2765 765 2822 secundet
783 2783 881 2841 aquae.

161 2987 312 3052 ll3equae.
393 2988 583 3054 lllvasueo.
666 2990 712 3040 116
726 3009 738 3040 r
753 2991 868 3040 alatilia.
948 2993 998 3043 122

113 3049 174 3100 ΝΜ
184 3053 283 3114 referre.
316 3052 353 3102 Pa
363 3052 448 3104 Madv,
458 3056 558 3117 resecto.
632 3055 679 3103 1³5
689 3073 701 3104 r
712 3055 762 3103 Sed
772 3056 834 3118 qaid
844 3069 887 3116 eoo
896 3062 998 3108 revocor

113 3117 193 3164 uvam
201 3118 374 3178 procel-omen
389 3120 480 3167 oberto.
514 3119 537 3167 V
552 3119 595 3167 red
610 3118 726 3182 quiricae
737 3133 821 3168 revoco
833 3121 911 3169 boeot
927 3136 998 3172 omen

111 3182 247 3230 revocantia
261 3182 352 3230 oborta
416 3181 480 3230 MPa
495 3183 616 3245 adquiri
631 3187 694 3244 opor
714 3186 815 3232 revocor
834 3187 997 3236 revocaminis

112 3257 181 3294 orrea
191 3245 291 3295 werlo!
316 3243 367 3294 dur
378 3243 400 3294 G
415 3244 541 3295 tereretur
551 3245 666 3307 equidem
677 3259 730 3296 non
740 3245 820 3298 video.
