2122 3676
104 264 123 320 4
330 255 488 319 .0VIDII
503 255 746 320 EPISTULAE.

104 390 184 461 Quid
202 389 330 463 timeam,
352 387 463 464 ignoro.
504 387 596 446 timeo
615 391 715 448 tamen
735 385 835 445 omnia
855 386 984 462 demens,

143 483 185 542 Et
203 488 286 560 patet
304 482 337 540 in
356 501 440 541 curas
459 500 528 540 area
546 480 608 543 leta
626 501 713 542 meas.

104 579 308 656 Quaecumque
321 598 429 656 aequor
441 578 539 653 habet,
551 597 748 655 quaecumque
757 577 887 655 pericula
896 580 994 654 tellus,

141 676 214 734 Tam
233 676 336 752 longae
356 694 457 734 causas
476 675 607 753 suspicor
626 693 688 732 esse
707 694 811 733 morae

66 795 89 834 νε
104 774 187 831 Haec
208 791 262 851 ego
283 773 354 831 dum
375 773 466 831 stulte
487 779 594 847 metuo,
617 791 692 850 quae
713 777 812 831 restra
828 771 921 832 libido
940 782 995 849 est,

142 869 215 928 Esse
235 864 388 946 peregrino
409 874 511 945 captus
531 887 629 928 smore
650 873 740 946 potes

103 964 240 1023 Forsitan
260 970 291 1023 et
312 983 421 1037 narres,
444 984 531 1040 quam
552 963 593 1023 sit
612 964 669 1021 tibi
690 964 800 1022 rustica
820 965 958 1041 coniunx,

143 1061 225 1132 Quae
246 1066 364 1119 tentum
384 1061 467 1119 lanas
489 1080 551 1118 non
571 1060 650 1119 sinat
672 1079 733 1119 asse
753 1063 847 1124 rudes.

102 1156 209 1233 Fallet,
232 1163 264 1216 et
284 1157 340 1216 hoo
360 1158 472 1216 crimen
491 1163 595 1215 tenues
615 1164 753 1218 vanescat
772 1159 806 1219 in
827 1181 920 1235 aures,
1015 1237 1018 1240 Ι

64 1261 91 1300 ⁸0
142 1255 235 1331 Neve,
258 1255 425 1314 revertendi
445 1253 528 1328 liber,
553 1255 652 1313 abesse
673 1255 761 1315 relisi

102 1351 155 1410 Me
175 1357 259 1428 peter
279 1351 392 1410 Icarius
411 1350 503 1409 viduo
523 1349 669 1409 discedere
690 1351 766 1410 lecto

142 1447 236 1524 (legit,
259 1453 289 1505 et
310 1445 457 1504 inmensas
479 1446 610 1524 increpat
630 1466 724 1522 usque
744 1467 848 1508 moras

100 1539 237 1615 Increpet
260 1557 352 1614 usque
373 1537 448 1597 licet.
490 1537 553 1595 Tua
574 1557 648 1610 sum,
670 1543 723 1596 tua
743 1538 824 1597 dicar
844 1545 967 1616 oportet.

141 1635 287 1711 Penelope
308 1633 438 1692 coniunx
458 1652 571 1709 semper
593 1633 694 1692 Ulixis
716 1653 772 1693 ero.

65 1737 88 1785 ⁸⁵
101 1730 159 1791 llle
178 1735 279 1788 tamen
299 1729 410 1807 pietate
429 1746 495 1790 mea
514 1727 704 1804 precibusque
725 1728 838 1806 pudicis

141 1826 313 1903 Frangitur,
331 1831 362 1884 et
382 1825 461 1884 vires
481 1830 625 1903 temperat
646 1825 709 1902 ipse
729 1845 804 1886 sues

101 1919 238 2002 Dulichii·
255 1919 403 1999 Samiique
424 1926 455 1979 et
475 1939 548 1997 quos
568 1919 641 1977 tulit
661 1920 722 1977 ulta
744 1921 916 1998 Zacynthos,

138 2018 236 2076 Turbc
255 2024 348 2080 ruunt
367 2018 400 2076 in
421 2038 468 2076 me
489 2017 640 2076 luxuriose
659 2017 753 2094 proci:

102 2115 196 2191 Inque
216 2121 269 2173 tua
290 2122 422 2193 regnant,
445 2115 534 2172 nullis
555 2114 785 2190 prohibentibus,
808 2116 890 2174 aula:

62 2241 87 2277 90
140 2210 264 2271 Viscera
285 2217 393 2284 nostra,
417 2209 486 2269 tuae
507 2210 706 2268 dilacerantur
727 2229 801 2286 opes

100 2306 180 2378 Quid
198 2305 255 2364 tibi
272 2305 448 2364 Pisandrum
463 2307 665 2382 Polybumque
678 2306 878 2384 Medontaque
891 2307 991 2366 dirum

139 2403 375 2481 Eurymachique
396 2404 498 2463 arides
518 2405 705 2481 Antinoique
725 2424 830 2463 manus

26 2574 30 2585 Ι
101 2498 201 2576 Atque
220 2499 294 2558 alios
314 2500 446 2573 referem,
469 2519 541 2576 quos
562 2503 656 2559 omnis
676 2501 805 2576 turpiter
825 2502 927 2560 absens

24 2645 30 2671 ,Ι
137 2589 207 2667 Ipse
228 2596 281 2649 tuo
301 2591 394 2668 partis
413 2592 555 2670 sanguine
576 2593 663 2651 rebus
683 2594 752 2652 alisl

24 2674 29 2733 ἶ
57 2706 85 2749 σε
97 2684 167 2749 Irus
189 2705 277 2763 egens
297 2687 465 2764 pecorisque
486 2688 669 2747 Melanthius
690 2695 772 2748 actor
794 2690 899 2749 edendi

24 2798 27 2803 ’
136 2779 272 2840 Ultimus
292 2781 487 2840 accedunt'in
508 2788 561 2840 tua
582 2782 689 2840 damna
707 2783 808 2860 pudor.

145 2923 275 2976 75ι1ιοο.
308 2924 369 2973 ura
384 2925 496 2975 creditor.
566 2926 598 2976 77
615 2925 649 2975 ι7
663 2941 760 2977 conus.
827 2927 859 2979 79
876 2944 889 2976 ι
905 2934 988 2979 tenues

96 2987 197 3038 moun.
250 2988 283 3038 86
296 2988 399 3038 Eeille.
463 2989 527 3040 91E
535 2991 855 3052 pieccdrcmpoliccmque.
921 2993 986 3043 92E

97 3051 228 3101 auticuria.
292 3053 324 3102 93
340 3071 352 3102 ε
368 3054 490 3114 σινιάσαι,
553 3053 583 3102 95
599 3054 621 3101 Ε
640 3061 734 3102 auctor.
768 3054 899 3105 evector.
936 3055 988 3105 Sed

96 3113 203 3164 Ovidius
219 3116 316 3164 vertere
331 3115 432 3166 videtur
447 3117 523 3166 Hom.
536 3117 583 3165 Od.
595 3132 636 3166 xx.
652 3117 754 3175 1734,
766 3116 828 3178 ἦλθε
843 3118 985 3179 Μελάνθιος,

96 3179 197 3230 αἰπόλος
218 3180 301 3240 alvan,
324 3183 411 3242 αἶγας
432 3179 509 3243 ιῖγων
534 3184 561 3231 ut
582 3183 643 3231 πᾶσι
663 3183 813 3245 μετέπρεπον
840 3184 986 3232 αἰπολίοισιν

94 3241 192 3292 δεῖπνον
202 3242 374 3304 μνηστήρεσσι.
