2122 3676
101 187 139 246 50
339 184 483 245 OVIDII
500 179 760 255 spissanda.)

101 313 225 391 Respioe
245 312 411 373 vindicibus
430 320 567 392 pacatum
586 316 700 375 viribus
720 317 828 391 orbem,

142 412 207 488 Qua
226 412 317 469 latam
337 411 452 470 Nereus
473 413 605 471 esemlus
624 414 717 472 ambit
736 413 867 474 humum.

65 538 88 574 ις
103 508 139 565 Se
159 506 215 564 tibi
235 526 294 582 pax
312 512 416 579 terrae,
438 506 495 564 tibi
514 526 545 565 se
564 513 631 566 teta
650 527 776 584 aequora
795 510 924 571 debent:

141 603 277 680 Implesti
296 603 409 661 meritis
429 604 497 662 solis
517 611 674 682 utramque
693 605 821 667 domum

102 702 187 770 Quod
207 707 237 758 te
257 701 387 758 laturum
406 706 459 772 est,
481 702 594 759 eaelum
613 701 694 779 prius
713 701 775 778 ipse
793 702 909 764 tulisti:

141 796 269 854 Hercule
289 795 439 871 subposito
459 795 555 854 sidera
573 796 658 854 fulsit
677 796 793 856 Atlans

101 892 179 961 Quid
199 891 257 951 nisi
276 890 384 948 notitia
403 897 447 948 est
466 890 572 948 misero
592 891 723 967 quaesita
742 891 854 967 pudori,

64 1016 90 1042 ιο
141 989 173 1046 Si
192 988 322 1045 cumulas
342 985 438 1062 stupri
456 986 534 1043 faeta
554 985 651 1061 priora
669 986 760 1044 notul

101 1087 179 1144 Tene
198 1086 297 1144 ferunt
316 1083 446 1160 geminos
466 1082 603 1158 pressisse
623 1083 766 1140 tenaciter
784 1097 904 1158 surgeres,

121 1181 214 1239 'Cum
234 1187 317 1237 tener
336 1179 369 1235 in
389 1178 471 1235 aunis
491 1176 550 1234 iam
570 1177 642 1234 Iove
662 1176 769 1254 dignus
788 1177 871 1235 erasi

101 1276 228 1352 Coepisti
247 1275 359 1344 melius,
381 1292 468 1349 quam
489 1272 606 1330 desinis.
635 1272 740 1330 ultima
759 1273 862 1350 primis

142 1372 264 1429 Cedunt
293 1369 446 1426 dissimiles
466 1368 513 1425 hie
533 1368 581 1425 vir
600 1375 631 1426 et
650 1368 700 1426 ille
719 1388 799 1444 puer.

64 1493 87 1528 25
102 1466 195 1535 Quem
215 1485 274 1522 non
294 1464 375 1520 mille
394 1465 582 1540 famaquam
601 1482 662 1522 non
682 1465 865 1524 Stheneleius
884 1465 987 1539 hostis,

140 1561 210 1619 Non
229 1561 327 1636 potuit
346 1561 424 1617 Iuno
445 1561 569 1634 vincere,
590 1561 685 1618 vincit
704 1580 793 1622 amor.

101 1659 145 1715 At
165 1658 238 1714 bene
257 1663 350 1733 nupta
370 1657 453 1728 feror,
474 1657 544 1732 quia
563 1658 696 1715 nominer
715 1658 853 1718 Herculis
872 1679 956 1734 uxor,

141 1755 243 1831 Sitque
263 1774 340 1812 soeer
359 1754 468 1830 rapidis
488 1755 539 1829 qui
559 1760 643 1812 tonat
663 1756 741 1813 altus
761 1758 851 1833 equis

102 1853 197 1921 Quam
215 1852 291 1909 male
310 1850 475 1926 inaequales
495 1852 619 1908 veniunt
640 1852 676 1908 ad
696 1859 793 1909 aratra
812 1854 936 1924 invenci,

65 1981 89 2015 30
140 1949 212 2005 Tam
232 1948 374 2023 premitur
393 1967 498 2024 magno
519 1948 640 2023 coniuge
660 1955 755 2024 nupta
773 1949 875 2007 minor.

100 2045 171 2102 Non
190 2045 282 2102 honor
303 2050 354 2116 est,
378 2045 428 2101 sed
448 2063 521 2101 onus
542 2044 649 2119 speeies
669 2044 784 2101 laesura
802 2045 930 2103 ferentis.

141 2143 231 2216 Siqua
249 2142 330 2198 voles
349 2148 416 2216 apte
436 2142 554 2211 nubere,
576 2140 653 2197 nube
674 2141 746 2216 pari.

100 2237 158 2293 Vir
177 2236 251 2292 mihi
271 2255 382 2312 semper
402 2237 491 2308 abest,
514 2242 544 2293 et
564 2237 684 2313 coniuge
704 2237 801 2294 notior
820 2237 932 2314 hospes,

140 2332 332 2407 Monstraque
353 2331 496 2388 terribiles
516 2333 755 2410 persequiturque
775 2334 857 2392 feras.

64 2452 87 2490 3⁵
102 2428 171 2504 Ipsa
191 2427 276 2484 domo
295 2428 391 2499 vidua,
414 2428 492 2484 votis
513 2420 637 2504 operata*
650 2429 772 2510 pudicis,

140 2525 295 2601 Torqueor,
316 2525 423 2582 infesto
443 2545 481 2583 ne
501 2526 549 2581 vir
568 2526 605 2582 ab
625 2526 710 2584 hoste
728 2527 820 2586 eadat.

101 2621 186 2679 Inter
206 2627 354 2698 serpentes
374 2641 515 2697 aprosque
536 2622 693 2699 avidosque
713 2623 811 2681 leones

140 2718 245 2789 Iactor,
267 2724 297 2775 et
316 2717 454 2774 haesuros
475 2726 558 2774 terna
578 2736 629 2793 pei·
649 2737 700 2774 ora
720 2736 812 2776 canes.

101 2815 152 2871 Me
171 2807 313 2890 pecudum
333 2814 422 2888 fibrae
442 2815 652 2890 simulacraque
672 2814 772 2872 inania
792 2814 886 2872 somni

63 2937 89 2972 40
141 2909 304 2986 Ominaque
324 2929 429 2967 arcana
448 2916 532 2967 nocte
553 2911 646 2987 petita
665 2917 791 2968 movent.

149 3112 179 3159 15
197 3112 230 3160 eV
246 3120 307 3162 tota.
404 3115 436 3162 20
452 3133 463 3163 ε
479 3116 502 3162 ιι·
517 3116 616 3163 naucula
631 3117 823 3176 stupri...notas.
855 3114 892 3164 Pa
909 3121 988 3178 turpi.

102 3177 133 3227 27
143 3176 203 3224 ΝΜ
214 3180 332 3226 nominor.
382 3179 512 3240 32eapto.
557 3180 587 3227 38
600 3179 715 3228 chemo.
759 3179 985 3241 soevomaiaqae.
