2122 3676
115 251 153 305 48
360 245 506 305 orror]
522 244 760 304 nrrsrcrrn.
824 208 826 212 Α
919 219 924 227 ’

75 398 99 438 ss
114 381 179 438 Nec
197 379 343 456 qnondam
364 377 482 455 placuit,
504 396 557 435 nec
578 396 656 434 nunc
674 377 831 453 placuisset
851 379 975 451 Achilli,

152 476 292 534 Abducta
311 475 432 533 viduum
453 473 574 549 coniuge
593 473 662 530 flere
682 474 787 532 virum.

112 573 194 642 Quae
212 591 278 630 mea
297 569 429 628 caelestis
449 569 559 626 iniuria
578 569 648 626 fecit
668 570 803 647 iniquosl

152 668 274 736 Quodve
293 667 367 724 mihi
387 666 508 722 miserae
528 665 608 722 sidus
628 667 727 724 obesse
746 669 873 743 querarl

110 763 207 820 Parva
225 781 291 820 mea
310 762 373 820 sinc
393 767 489 820 matre
508 762 569 835 lui3
589 768 674 838 pater
694 783 775 821 arma
795 766 929 824 ferebat:

73 889 99 926 ῳ
154 859 195 915 Et
215 859 273 916 duo
292 877 358 916 cum
379 857 491 930 vivant,
512 859 583 915 orba
602 858 715 916 duobus
735 864 821 920 eram.

110 955 180 1012 Non
199 955 256 1012 tibi
275 953 433 1012 blanditias
452 954 561 1030 primis,
584 974 649 1012 mea
670 962 770 1031 mater,
792 960 825 1016 in
845 959 932 1018 annis

151 1050 268 1108 Incerto
287 1049 379 1107 dictas
398 1067 448 1106 cre
467 1051 564 1125 puella
582 1050 657 1108 tuli:

112 1150 182 1207 Non
201 1168 254 1226 ego
273 1147 389 1224 captavi
408 1147 545 1205 brevibus
564 1154 618 1206 tua
637 1149 711 1207 colla
731 1151 858 1224 lacertis,

150 1243 214 1302 Nec
233 1243 343 1320 gremio
362 1242 424 1300 sedi
443 1242 556 1299 sarcina
575 1251 659 1319 grata
680 1251 750 1302 tuo:

74 1367 98 1403 es
111 1341 182 1398 Non
201 1340 298 1399 cultus
318 1338 373 1396 tibi
393 1358 463 1396 cura
482 1340 559 1413 mei3
580 1359 634 1398 nec
654 1347 739 1415 pacta
758 1342 864 1400 marito

151 1434 268 1493 Intravi
287 1434 429 1492 thalamos
449 1442 541 1492 matre
560 1443 682 1512 parante
702 1456 801 1497 novos.

112 1530 208 1588 Obvia
227 1529 390 1607 prodieram
409 1529 507 1586 reduci
526 1530 628 1602 cibi,...
651 1551 722 1590 vera
740 1533 888 1592 fatebor...

151 1628 215 1685 Nec
235 1627 321 1685 facies
340 1627 424 1684 nobis
443 1633 515 1684 nota
532 1628 662 1702 parentis
682 1636 750 1686 erat

110 1724 152 1782 Te
164 1730 263 1781 tamen
277 1741 338 1780 esse
356 1721 511 1792 Helenam,
525 1724 602 1797 qnod
621 1743 684 1780 eras
702 1723 903 1798 pulcherrima,
921 1728 1003 1784 sensi

64 1853 100 1877 ιω
151 1822 219 1897 Ipsa
238 1820 412 1896 requirebas,
433 1838 508 1896 quae
527 1825 580 1877 tua
600 1827 670 1878 nata
689 1819 771 1879 foret.

111 1918 184 1975 Pars
204 1917 273 1974 haec
292 1935 352 1972 una
371 1916 452 1988 mihi,
474 1914 602 1973 coniunx
622 1918 696 1973 bene
716 1919 803 1974 cessit
823 1917 961 1978 Orestes:

150 2014 182 2071 Is
202 2031 327 2088 quoque,
348 2012 381 2068 ni
401 2031 453 2087 pro
473 2030 504 2068 se
524 2018 642 2087 pugnet,
665 2012 817 2088 ademptus
839 2015 904 2072 erit.

112 2109 243 2186 Pyrrhus
263 2108 351 2165 habet
370 2114 486 2183 captam
506 2107 610 2164 reduce
630 2113 660 2164 et
680 2109 789 2166 victore
808 2116 947 2184 parente:

151 2205 219 2263 Hoc
238 2223 346 2260 munus
365 2203 450 2260 nobis
470 2203 569 2259 diruta
589 2203 676 2260 Troia
695 2205 774 2263 tulit.

65 2332 100 2369 ως
112 2304 188 2361 Cum
207 2307 307 2358 tamen
327 2300 405 2356 altus
424 2299 508 2375 equis
527 2299 617 2357 Titan
637 2300 821 2359 radiantibus
840 2302 940 2373 instat,

153 2401 292 2459 Perfruor
311 2398 415 2454 infelix
435 2397 570 2455 liberiore
596 2399 682 2458 malo.

111 2499 142 2556 N
144 2519 182 2556 ox
195 2498 247 2554 ubi
265 2515 310 2552 me
328 2494 465 2552 thalamis
484 2495 647 2552 ululantem
665 2502 695 2552 et
714 2497 818 2552 acerba
836 2496 1004 2573 gementem

154 2591 299 2664 Condidit,
319 2591 353 2646 in
372 2595 482 2647 maesto
502 2593 699 2667 procubuique
719 2598 791 2664 toro,

114 2691 173 2748 Pro
193 2708 293 2748 somno
313 2687 439 2745 lacrimis
460 2687 537 2744 oculi
556 2688 722 2766 funguntur
741 2690 859 2762 obortis,

65 2814 102 2841 110
154 2790 275 2865 Quaque
295 2787 363 2844 licet
383 2786 463 2862 fugio
483 2786 559 2843 sicut
579 2788 616 2843 ab
635 2787 720 2844 hoste
739 2787 813 2846 viro.

113 2884 204 2959 Saepe
224 2882 308 2940 malis
328 2894 438 2957 stupeo.
480 2899 635 2958 rerumque
655 2881 748 2938 oblita
766 2878 882 2959 locique

154 2980 262 3053 Ignara
281 2975 367 3053 tetigi
387 2976 488 3051 Scyria
507 2977 638 3033 membra
657 2995 765 3037 manu:

204 3254 235 3303 88
247 3271 258 3302 ε
268 3251 334 3314 qnod
344 3251 405 3300 milri
415 3264 470 3298 vce.
535 3247 582 3297 104
591 3245 615 3296 V
625 3261 710 3297 murae
722 3252 746 3295 ct
757 3244 908 3294 boc...dedit.
