2122 3676
326 261 395 352 m.
416 261 523 339 nino
542 258 719 325 munia
918 264 976 322 aa..

72 394 140 452 Hos
159 393 258 469 potius¹
277 393 399 470 populos
418 393 451 450 in
471 393 577 464 dotem,
598 393 718 469 ambage
738 393 865 464 remissa,

112 486 224 564 Accipe
244 493 274 545 et
294 487 429 545 advectas
449 485 648 561 Pygmalionis
668 505 744 562 opes.
971 511 1008 547 150

72 583 153 641 Ilion
171 585 205 640 in
224 583 344 659 Tyriam
363 582 490 640 transfer
510 581 625 638 felicius
644 583 755 654 urbem,

89 704 93 710 ·
112 679 218 756 Sisque
237 680 300 737 loco
319 679 396 754 regis
416 683 586 753 sceptraque
606 696 686 734 sacra
705 685 780 738 tene.

73 774 106 833 Si
125 776 182 833 tibi
201 795 283 834 mens
303 775 391 833 avida
410 781 455 831 est
476 773 552 845 belli,
574 774 600 830 si
619 774 735 849 quaerit
754 774 847 847 Iulus,

113 872 203 930 Unde
223 891 276 929 suo
295 876 399 946 partus
417 879 512 926 marte
531 868 698 943 triumphus
718 874 774 941 eat,

73 967 169 1036 Quem
189 971 314 1041 superet,
334 964 445 1040 nequid
464 963 548 1035 desit,
571 963 773 1039 praebebimus
793 963 913 1020 hostem.
973 989 1009 1026 1⁵5

113 1063 175 1120 Hic
194 1058 378 1138 pacis'legea
399 1061 447 1118 hic
467 1060 548 1116 locus
567 1079 650 1117 arma
669 1061 755 1136 capit.

73 1157 119 1215 Tu
139 1159 251 1218 modo...
274 1177 326 1233 per
345 1162 470 1214 matrem
490 1158 677 1232 fraterneque
696 1159 763 1230 tela,
785 1161 913 1235 sagittas,

114 1253 229 1328 Perque
247 1252 334 1328 fugae
354 1253 483 1324 comites,
506 1252 646 1309 Dardana
665 1271 754 1325 sacra,
775 1254 857 1313 deos!

74 1347 123 1405 Sic
143 1352 287 1423 superent,
308 1365 506 1422 quoscumque
525 1352 578 1403 tua
598 1347 634 1403 de
653 1353 740 1422 gente
761 1361 900 1425 reportas,

114 1443 197 1500 Mars
216 1442 296 1500 farus
315 1449 346 1499 et
366 1443 468 1498 damni
486 1443 528 1500 sit
546 1443 650 1500 modus
670 1445 720 1502 ille
739 1446 794 1517 tui,
975 1466 1011 1505 160

56 1543 58 1548 ’
74 1539 278 1615 Ascaniusque
299 1558 367 1596 suos
386 1538 511 1596 feliciter
529 1539 651 1614 impleat
669 1560 769 1613 annos,

115 1634 157 1691 Et
176 1635 253 1691 aenis
272 1633 421 1691 Anchisae
440 1633 568 1691 molliter
588 1654 652 1692 ossa
671 1639 821 1696 nubenti...

75 1730 176 1802 Parce,
197 1748 304 1806 precor,
326 1729 434 1799 domui,
455 1749 530 1806 quae
550 1750 580 1787 aa
600 1731 656 1788 tibi
675 1733 766 1790 tradit
786 1734 957 1793 habendam.

117 1827 202 1897 Quod
222 1827 332 1884 crimen
352 1826 424 1883 dicis
445 1835 561 1900 praeter
580 1846 690 1885 amasse
709 1831 823 1887 meum?

76 1923 148 1981 Non
168 1941 220 1998 ego
239 1936 304 1979 sum
324 1921 434 1996 Pythia
453 1922 624 1998 magnisque
644 1924 767 1981 oriunda
787 1925 928 2001 Mycenis,
975 1947 1010 1996 1⁶5

116 2020 181 2078 Nec
201 2025 345 2076 steterunt
364 2019 398 2075 in
416 2023 447 2075 te
466 2019 570 2093 virque
589 2025 729 2093 paterque
749 2039 838 2078 meus.

77 2117 111 2177 Si
129 2117 223 2194 pudet
239 2117 348 2188 uxoris,
369 2135 429 2172 non
448 2121 549 2190 nupta,
571 2115 621 2171 sed
640 2114 756 2191 hospita
775 2117 856 2175 dicar

116 2214 199 2272 Dum
219 2218 272 2270 tua
291 2212 330 2269 sit
350 2211 436 2282 Dido,
459 2211 609 2286 quodlibet
628 2231 692 2270 esse
711 2212 794 2272 feret

77 2312 159 2371 Nota
178 2309 253 2367 mihi
271 2310 347 2367 freta
366 2315 437 2366 sunt
455 2308 565 2364 Afrum
584 2309 750 2384 frangentia
769 2310 857 2370 litus:

118 2407 307 2483 Temporibus
323 2406 414 2463 'certis
433 2390 562 2480 dantque
580 2413 746 2482 negantque
765 2408 851 2467 viam
976 2437 1013 2475 170

79 2504 156 2563 (lum
175 2504 257 2560 dabit
275 2521 347 2559 aura
366 2502 453 2573 viam,
472 2503 621 2577 praebebis
641 2503 758 2560 carbasa
777 2506 880 2564 ventis.

119 2599 208 2658 Nunc
227 2598 300 2656 levis
319 2598 441 2656 eiectam
460 2599 589 2655 continet
608 2598 674 2673 alga
692 2605 793 2659 ratem.

128 2785 284 2838 monaca.
318 2785 478 2845 sambopein
491 2784 667 2832 dotaremiaaa.
733 2785 962 2849 152Eiaqualoco

77 2852 229 2915 copiacopia
243 2855 339 2912 sceptro
354 2856 416 2896 aar.
450 2849 487 2896 eV
498 2850 573 2908 ioqae
587 2850 638 2895 loco
654 2850 719 2908 repis
734 2857 875 2912 sceptraque
891 2866 966 2904 saum

79 2924 144 2966 wne.
176 2913 204 2962 M
219 2915 337 2973 bamque,
353 2927 387 2961 sc.
403 2910 500 2959 urbem.
533 2912 773 2972 Pajcmqaelocam.
806 2914 964 2967 Inredubia

77 2993 137 3029 meo
150 2976 242 3028 'udicio
251 2977 289 3024 uti
300 2991 378 3024 ausus
389 2990 455 3023 sum.
484 2974 532 3024 Sed
542 2988 630 3023 verum
639 2989 694 3023 asse
704 2978 788 3035 potest
799 2978 896 3038 quodE
905 2998 964 3031 oum

79 3045 124 3094 Ga
162 3038 964 3102 bet,mutatumautemalibrarioverbisreqidsceptraoffenso.

79 3107 235 3158 losnlali.
296 3105 566 3166 lbquuodscpcret.
600 3117 727 3163 crepereo.
788 3106 964 3158 159Adhun0

78 3171 216 3223 varanna:
229 3168 343 3228 explicat.
380 3169 432 3215 esi.
461 3165 544 3216 Madv.
557 3168 835 3230 reportatlllarsferus.
895 3175 965 3223 165«

75 3236 172 3301 plritic'.
205 3235 227 3284 V
234 3235 329 3296 plebia.
395 3232 601 3281 lssbestetcroat.
666 3231 805 3280 travae.
