2122 3676
254 215 314 274 ΙΧ.
337 213 545 273 DEIANIRA
567 213 761 275 HERCULI.
912 215 946 272 51
1045 265 1049 272 .

62 347 204 424 Aucupor
223 346 328 405 infelix
347 347 474 406 incertus
494 366 645 405 murmura
664 347 766 416 famae,

100 443 215 521 Speque
235 445 325 502 timor
344 444 441 514 dubis,
463 461 592 520 spesque·
605 443 710 500 timore
730 441 814 500 cedit

62 537 161 596 Meter
180 540 269 611 abest,
291 540 482 616 queriturque
501 540 555 597 deo
574 539 715 615 placuisse
735 537 869 614 potenti:

100 635 165 692 Nec
185 642 268 710 pater
287 636 495 712 Amphitryon,
516 655 570 693 nec
589 654 661 710 puer
682 635 793 710 Hyllus
813 634 902 690 adest.

61 733 185 790 Arbiter
204 733 385 808 Eurystheus
404 733 464 790 irae
483 730 606 790 Iunonis
626 731 744 808 iniquae
962 748 985 781 ⁴5

100 828 236 887 Sentitur
253 830 347 901 nobis,
369 830 472 905 ireque
491 830 578 904 longa
598 829 675 887 deee.
772 855 776 863 ·

61 926 146 984 Heec
165 926 238 982 mihi
258 926 332 984 ferre
351 928 475 1002 paruml
515 925 687 1001 Peregrinos
707 923 790 982 addis
809 941 930 993 amores,

100 1021 142 1079 Et
160 1029 254 1080 mater
273 1023 310 1080 de
328 1029 359 1080 te
379 1022 527 1099 quaelibet
546 1040 607 1079 esse
626 1026 728 1097 potest.

60 1118 133 1176 Non
153 1138 205 1194 ego
225 1119 392 1176 Partheniis
411 1124 582 1176 temeratum
603 1117 729 1175 vallibus
749 1117 866 1192 Augen,
954 1168 955 1171 ,

101 1214 166 1271 Nec
185 1214 307 1271 referem
328 1220 437 1291 pertus,
459 1213 580 1271 Ormeni
599 1211 738 1288 nympha,
759 1218 842 1269 tuos:
961 1224 985 1258 ⁵0

60 1311 132 1368 Non
152 1311 208 1368 tibi
227 1311 337 1368 crimen
357 1315 450 1380 erunt,
473 1309 664 1367 Theutruntia
683 1307 778 1379 turba,
800 1325 940 1387 sorores,

101 1405 232 1475 Quarum
251 1406 287 1463 de
308 1404 413 1481 populo
432 1404 515 1461 nulla
534 1403 636 1462 relicte
655 1403 712 1460 tibi
731 1410 781 1460 est.

61 1502 140 1575 Une,
162 1521 260 1560 recens
280 1502 399 1572 crimen,
421 1501 563 1559 referetur
582 1500 715 1558 adultera
734 1499 826 1567 nobis,

100 1599 191 1657 Unde
212 1618 264 1675 ego
284 1617 349 1656 sum
369 1598 452 1673 Lydo
473 1598 549 1656 facte
569 1616 693 1655 noverca
712 1597 810 1654 Lame.

61 1692 244 1765 Maeandros,
266 1693 352 1751 terris
372 1693 481 1750 totiens
500 1699 613 1750 errstor
632 1692 664 1748 in
684 1692 785 1761 isdem,
960 1703 982 1737 ⁵⁵
1033 1679 1049 1700 λ’

101 1785 161 1855 Qui
181 1785 270 1842 lassas
290 1787 320 1841 in
341 1805 372 1843 se
392 1805 476 1862 saepe
496 1791 646 1861 retorquet
664 1805 764 1861 aquas,

59 1880 149 1938 Vidit
168 1881 200 1936 in
220 1881 366 1939 Herculeo
386 1901 524 1957 suspense
543 1881 663 1939 monilia
684 1882 759 1939 collo

100 1977 167 2049 Illo,
188 1976 236 2034 eui
255 1977 367 2034 caelum
385 1977 498 2035 sarcina
517 1996 608 2053 parve
627 1977 693 2035 fuit

59 2073 131 2130 Non
150 2073 257 2149 puduit
275 2073 359 2131 fortis
379 2093 450 2130 auro
470 2073 603 2130 cohibere
622 2073 751 2140 lacertos,

99 2170 141 2227 Et
160 2169 258 2227 solidis
278 2187 406 2244 gemmas
425 2169 591 2244 opposuisse
610 2169 689 2228 toris.
958 2172 982 2207 ⁶0

58 2266 174 2343 Nempe
193 2266 247 2323 sub
267 2266 314 2322 his
333 2264 461 2323 animem
479 2266 570 2344 pestis
589 2265 735 2323 Nemeaea
755 2264 871 2322 lacertis

99 2365 209 2436 Edidit,
231 2364 308 2422 unde
328 2383 445 2422 umerus
464 2365 594 2440 tegmine
613 2364 713 2422 leevus
733 2363 828 2421 hebet

58 2463 160 2520 Ausus
180 2481 210 2520 cs
229 2457 357 2519 hirsuto's
376 2461 464 2518 mitra
483 2461 619 2519 redimire
638 2460 762 2538 capillos

98 2557 206 2634 Aptior
226 2558 389 2616 Herculeae
409 2560 533 2636 populus
552 2560 619 2617 elba
638 2578 742 2633 comae.

57 2653 122 2712 Nec
141 2660 172 2711 te
192 2654 329 2713 Maeonis
347 2655 470 2714 lascivus
490 2675 569 2714 more
589 2657 702 2733 puellae

98 2752 214 2829 Incingi
233 2771 305 2810 zone
324 2752 489 2816 dedecuisse
509 2755 613 2828 putcsl

104 2939 136 2988 46
147 2940 181 2988 eV
192 2942 251 2990 dece
262 2948 304 2993 est.
355 2941 583 3004 47eVpcrcmest.
631 2942 790 3003 melleque.
816 2941 942 3004 VAyueu.

57 3005 89 3053 63
97 3006 260 3067 eproey'ertur.
293 3005 435 3068 Vresertur.
469 3007 570 3068 55eque'
580 3009 667 3056 totiens
676 3009 747 3056 tem's
756 3013 824 3055 erret
831 3009 943 3055 emender

55 3070 86 3118 to
96 3069 208 3119 hiisdem.
222 3070 245 3119 V
255 3071 392 3119 Maeander
404 3072 491 3119 totiens
503 3072 547 3132 quc·
560 3073 631 3119 terrie
643 3078 709 3119 errat
720 3072 749 3119 iu
759 3072 844 3120 tedere.
912 3071 942 3119 66

56 3132 91 3183 eV
102 3135 195 3194 lapsae.
271 3134 678 3196 60eimpoeuisse.chposuiese.
760 3133 943 3196 62Vte9me'ce

56 3198 143 3246 lecum
157 3200 185 3260 (l)
199 3204 268 3258 torpa
280 3200 364 3247 leonis.
430 3198 460 3248 66
473 3198 506 3247 eV
514 3200 601 3261 podet.

786 3308 867 3361 4-‘2
