2122 3676
236 269 281 330 II.
304 271 485 330 1³11sz
502 269 819 332 DEMOPHOONPI.
955 271 973 329 9

80 403 185 479 Atque
202 398 309 478 aliquis
327 401 405 458 ‘Iam
422 420 501 459 nunc
514 401 612 459 doctas
626 401 685 460 eat'
698 400 797 478 inquit
812 401 973 464 ‘Athenast

121 497 308 575 Armigeram
328 497 461 556 'l’hracen
481 497 533 574 qui
551 504 642 575 regat,
663 499 738 557 alter
758 499 822 559 erit.

80 593 191 651 Exitus
209 599 276 652 acta
293 594 415 670 probat'
457 593 563 652 Oareat
583 593 767 667 successibus,
790 601 866 673 opto,
986 619 1010 665 ss

122 689 262 768 Quisquis
281 691 319 748 ab
339 688 447 748 eventu
466 690 543 749 facta
562 690 692 748 notanda
710 697 803 767 putat.

79 787 128 846 At
147 787 292 846 sinestra
314 793 365 845 tuo
384 793 568 864 spumescant
588 806 713 864 aequora
732 807 820 861 remo,

122 883 189 941 Iam
207 882 290 956 mihi,
312 883 371 940 iam
391 883 471 941 dicar
490 883 668 942 consuluisse
688 883 769 943 meis.

81 979 140 1038 Sed
160 999 254 1056 neque
272 979 416 1053 consului,
437 999 491 1038 nec
510 985 540 1037 te
560 999 625 1038 mea
644 980 724 1056 regia
742 985 853 1058 tanget,

122 1076 266 1154 Fessaque
286 1076 420 1135 Bistonia
438 1076 570 1136 membra
588 1075 701 1134 lavabis
721 1096 803 1153 aqua
985 1108 1011 1145 ,e

80 1174 141 1232 Illa
159 1173 238 1232 meis'
254 1171 343 1232 oculis
364 1173 474 1250 species
493 1172 629 1230 abeuntis
648 1172 791 1245 inhaeret,

122 1268 197 1327 Oum
216 1273 360 1345 premeret
380 1274 482 1346 portus
501 1267 600 1326 classis
619 1266 698 1325 itura
717 1287 803 1326 meos.

79 1365 183 1424 Ausus
202 1384 233 1423 es
252 1365 396 1442 amplecti,
419 1363 549 1441 colloque
568 1363 685 1423 infusum
703 1363 830 1423 amantis

123 1461 229 1521 Oscula
247 1481 300 1540 per
318 1462 420 1538 longas
438 1461 559 1540 iungere
577 1480 676 1538 pressa
694 1480 798 1534 moras,

81 1558 215 1635 Cumque
234 1559 294 1617 tuis
313 1558 441 1618 lacrimis
460 1558 594 1617 lacrimas
613 1559 789 1616 confundere
808 1562 930 1630 nostras,
984 1589 1009 1629 9⁵

123 1656 264 1733 Quodque
283 1657 359 1716 foret
377 1656 452 1716 velis
470 1676 543 1715 aura
561 1657 694 1728 secunda,
716 1657 807 1734 queri,
1002 1643 1005 1651 ’

81 1752 123 1810 Et
141 1750 217 1810 mihi
235 1751 384 1812 discedens
403 1772 539 1831 suprema
558 1754 653 1812 dicere
672 1773 743 1813 voce

125 1847 248 1926 ‘Phylli
266 1851 328 1909 face
348 1856 482 1928 expectes
502 1850 726 1927 Demophoonta
744 1849 848 1909 tuum'

81 1946 251 2022 Expectem,
271 1945 324 2023 qui
342 1966 390 2005 ma
409 1965 571 2024 numquam
591 1946 709 2004 visurus
728 1944 830 2002 abistil

122 2043 281 2121 Expectem
300 2044 403 2121 pelago
422 2043 489 2102 vela
507 2047 633 2120 negante
652 2042 742 2100 datal

80 2140 123 2199 Et
142 2145 242 2198 tamen
261 2147 390 2217 expecto.
431 2140 532 2201 redeas
551 2140 637 2199 modo
657 2157 738 2197 serus
758 2136 877 2210 amanti,

121 2235 169 2295 Ut
189 2240 243 2293 tua
262 2235 302 2294 sit
320 2236 383 2294 solo
403 2240 533 2313 tempore
552 2235 634 2312 lapsa
652 2234 732 2292 fides.

30 2324 35 2335 ⁸
81 2331 161 2403 Quid
181 2349 282 2409 precor
299 2330 420 2391 infelix?
440 2337 471 2390 te
490 2332 550 2389 iam
569 2337 651 2390 tenet
671 2331 764 2388 altera
783 2326 913 2388 coniunx

122 2423 259 2482 Forsitan
277 2428 308 2481 et
327 2422 411 2481 nobis
430 2422 483 2500 qui
501 2422 578 2482 male
597 2423 679 2495 favit,
701 2442 795 2482 amor:

80 2519 261 2596 thuetibi
280 2519 450 2593 excidimus,
471 2519 593 2591 nullam,
614 2525 694 2596 puto,
716 2517 855 2595 Phyllida
874 2515 959 2575 nosti
987 2540 1022 2577 10⁵

121 2615 160 2673 Ei
178 2615 261 2688 mihi,
281 2615 317 2688 si,
338 2634 412 2692 quae
432 2615 487 2674 sim
507 2613 622 2691 Phyllis
642 2618 672 2672 et
691 2615 777 2687 unde,
798 2633 890 2690 rogas.
917 2670 926 2687 ,

81 2711 165 2784 Quae
183 2713 248 2786 tibi,
270 2711 477 2789 Demophoon!
505 2712 599 2788 longis
619 2711 766 2769 erroribus
785 2717 850 2769 acto

120 2806 267 2866 Threicios
285 2813 388 2885 portus
407 2806 624 2884 hospitiumque
643 2806 718 2879 dedi,

129 2946 414 3015 &Eramifaracha
445 2949 645 3014 Paamaiferam.
710 2932 774 2998 een
787 2963 842 2997 acca
854 2949 968 2998 cessitas.

78 3081 305 3142 s
315 3018 393 3144 ,a

78 3143 420 3206 infineversusvixplaeet.
451 3142 604 3193 MEchclc
615 3147 706 3202 nepeta
716 3155 777 3189 caeo.
826 3141 970 3203 103Ejam

80 3215 146 3258 tenet
158 3216 190 3267 at,
202 3209 217 3256 2
228 3221 264 3256 m.
276 3221 339 3257 corr.
351 3210 409 3271 jam
423 3215 446 3256 ta
460 3214 532 3258 tenet.
608 3207 655 3254 105
670 3203 755 3255 Madv.
770 3205 851 3268 Atque
867 3206 914 3257 citi
929 3220 969 3254 aa·

78 3274 199 3324 cidissus:
214 3274 318 3323 salmam
350 3273 500 3336 Eflllidum.
