2122 3676
99 215 138 276 70
336 213 481 276 OVIDII
501 214 744 278 seleman.

489 513 585 574 XIII.

330 654 507 706 Inonem
527 655 746 710 Pnounsmno

99 786 221 858 M1ru1u,
242 793 273 846 et
292 793 375 866 optat
395 806 495 846 amans
514 807 573 865 quo
591 788 723 848 mittitur
741 791 793 866 ire,
814 793 951 867 salutem,

27 930 30 935 .
139 882 302 942 Haemonis
322 882 489 942 Haemonio
508 882 667 943 laodamia
686 887 758 944 viro.

98 980 209 1040 Aulide
228 987 259 1040 te
278 981 356 1040 fama
375 985 421 1040 est
439 985 530 1039 vento
548 982 697 1041 retinente
717 983 843 1047 morari:

138 1080 209 1139 Ab!
234 1097 281 1138 me
300 1097 368 1136 cum
387 1078 510 1153 fugeres,
531 1075 581 1135 hic
600 1078 652 1136 ubi
672 1085 779 1138 ventus
799 1085 885 1142 erati

75 1175 175 1246 5Tum
193 1175 270 1233 fieta
289 1175 453 1235 debuerant
471 1177 579 1236 vestris
598 1176 739 1236 obsistere
758 1178 855 1240 remis.

139 1273 221 1331 Illud
240 1278 304 1331 erat
323 1273 418 1331 saevis
438 1273 513 1332 utile
533 1279 649 1353 tempus
668 1274 760 1352 equis

100 1369 207 1428 Oscula
224 1369 311 1446 plura
329 1369 394 1428 viro
413 1371 609 1448 mandataque
627 1371 714 1448 plura
733 1370 893 1433 dedissem:

138 1465 181 1524 Et
199 1472 270 1524 sunt
288 1484 363 1542 quae
381 1466 465 1524 volui
483 1467 580 1526 dicere
599 1468 694 1526 multa
712 1466 778 1528 tibi.

100 1563 216 1640 Raptus
235 1581 266 1621 es
285 1562 354 1620 hinc
374 1581 519 1639 praeceps,
541 1570 571 1623 et
591 1564 643 1640 qui
662 1571 716 1622 tua
734 1564 800 1624 vela
818 1572 948 1640 vocaret,

64 1691 88 1718 ιο
139 1661 234 1732 Quem
253 1664 394 1736 cuperent
413 1665 530 1733 nautae,
551 1680 611 1719 non
632 1679 694 1738 ego,
714 1667 822 1721 v'entus
841 1670 914 1725 erat.

100 1759 219 1818 Ventus
239 1763 303 1815 erat
323 1756 422 1814 nautis
441 1763 536 1834 aptus,
557 1777 618 1816 non
637 1765 726 1835 aptus
745 1759 875 1823 amanti:

140 1852 244 1912 Solvor
263 1853 300 1909 ab
320 1851 466 1929 amplexu,
489 1852 659 1927 Protesilao,
680 1861 742 1926 tuo,

100 1950 273 2026 Linguaque
292 1947 460 2006 mandantis
478 1949 569 2006 verba
587 1949 757 2027 imperfecta
776 1949 914 2028 reliquit:

140 2047 205 2105 Vix
223 2046 298 2104 illud
317 2046 402 2123 potui
421 2045 517 2103 dicere
537 2045 622 2103 triste
642 2045 715 2104 vale

65 2171 87 2208 ιε
101 2145 242 2205 Incubuit
261 2146 369 2214 boreas,
388 2143 567 2218 abreptaque
586 2142 654 2200 vela
671 2142 817 2201 tetendit:

141 2241 263 2315 Iamque
282 2256 365 2296 meus
384 2237 470 2313 longe
490 2235 670 2294 Protesilaus
690 2243 761 2294 erat

102 2338 182 2395 Dum
202 2334 285 2411 potui
304 2339 433 2409 spectare
452 2332 551 2389 virum
570 2339 699 2409 spectare
719 2333 858 2394 iuvabat:

142 2430 271 2505 Sumque
290 2434 356 2485 tuos
375 2427 473 2486 oculos
493 2447 585 2505 usque
606 2435 705 2487 secuta
724 2431 805 2487 meis.

102 2528 149 2587 Ut
168 2531 199 2584 te
217 2544 278 2583 non
297 2529 435 2600 poteram,
457 2530 588 2600 poteram
608 2532 662 2582 tua
680 2524 746 2583 vele
765 2523 872 2595 videre,

66 2651 91 2678 ιο
142 2624 220 2684 Vele
238 2622 291 2680 diu
310 2620 412 2679 vultus
432 2621 584 2679 detinuere
603 2641 689 2681 meos.

102 2719 147 2776 At
166 2722 318 2794 postquam
339 2733 392 2773 nec
411 2721 450 2787 te,
470 2734 524 2773 nec
542 2715 610 2773 vele
628 2716 743 2793 fugacia
762 2715 833 2789 vidi,

142 2814 182 2871 Et
202 2813 280 2890 quod
299 2817 467 2888 spectarem,
489 2811 534 2870 nil
553 2812 612 2870 nisi
632 2820 740 2890 pontus
760 2818 831 2885 erat,

103 2911 171 2968 Lux
189 2929 303 2986 quoque
315 2916 413 2968 tecum
426 2910 508 2981 abiit,
523 2910 708 2987 tenebrisque
722 2909 863 2987 exanguis
876 2909 989 2970 obortis

143 3008 285 3065 Succiduo
304 3007 385 3066 dicor
403 3007 591 3084 procubuisse
610 3027 694 3083 genu

151 3207 189 3256 4ε
205 3208 255 3256 ha!
331 3208 444 3257 betuoc.
516 3206 670 3271 BeVplura.
741 3207 771 3256 13
783 3206 817 3257 eV
827 3207 962 3257 mandatis.
