2122 3676
317 248 385 307 VH.
408 247 514 307 omo
534 245 712 305 arrasa.
792 212 795 217 ’
914 244 950 303 41

62 380 118 436 Est
140 377 215 435 mihi
235 396 397 435 marmorea
417 384 546 435 sacratus
566 377 600 433 in
620 376 691 433 aede
712 375 872 451 Sychaeus:

104 472 263 550 Oppositas
282 474 399 530 frondes
418 474 584 548 velleraque
604 473 670 528 alba
689 475 800 545 tegunt

63 570 147 626 Hinc
167 589 220 644 ego
240 588 288 626 me
308 569 386 627 sensi
406 576 477 626 noto
497 574 601 643 quater
620 586 669 623 ore
690 565 787 622 citari:

100 653 174 739 'Ipse
194 682 264 720 sono
285 663 369 720 tenui
389 663 466 719 dixit
488 662 604 731 ‘Elissa
626 660 722 716 veni!’

64 760 160 818 Nulla
179 779 261 816 mora
281 756 334 831 est,
356 759 461 817 venio:
482 758 569 815 venio
589 756 646 813 tibi
666 755 765 812 debita
785 753 920 810 coniunx.

106 855 178 912 Sum
198 861 298 912 tamen
317 855 437 911 admissi
456 854 543 911 tarda
563 852 674 929 pudore
693 851 760 908 mei.

65 951 114 1008 Da
134 949 252 1007 veniam
272 950 392 1026 eulpae:
412 949 527 1024 decepit
546 948 668 1004 idoneus
689 952 796 1005 auctor.
972 965 1007 1004 105

106 1044 256 1101 Invidiam
276 1063 370 1100 noxae
391 1044 520 1100 detrahit
539 1043 589 1100 ille
609 1061 697 1100 meae.

65 1139 149 1198 Diva
167 1158 272 1216 parens
292 1138 446 1215 seniorque
466 1144 550 1212 pater
569 1139 619 1213 pia
639 1138 751 1194 sarcina
771 1135 835 1192 nati

107 1236 196 1312 Spem
215 1236 290 1292 mihi
308 1235 440 1292 mansuri
463 1235 520 1292 rite
540 1235 644 1291 dedere
665 1233 731 1290 tori.

67 1334 100 1392 si
119 1332 180 1390 fuit
201 1333 365 1405 errandum,
389 1351 491 1390 causas
511 1331 601 1388 habet
621 1349 701 1388 error
721 1331 865 1389 honestas.

108 1428 197 1485 Adde
217 1427 312 1499 fidem,
336 1427 420 1484 nulla
441 1427 689 1503 parte.pigendus
710 1425 774 1482 erit

68 1525 169 1581 Durat
188 1523 218 1579 in
242 1530 415 1594 extremum,
437 1523 575 1598 vitaeque
594 1520 753 1578 novissima
772 1525 891 1577 nostrae

108 1620 304 1695 Prosequitur
324 1620 380 1677 fati
399 1619 452 1696 qui
472 1619 530 1676 fuit
550 1625 627 1690 ante,
649 1623 740 1675 tenor.

70 1716 186 1776 Occidit
206 1717 337 1773 internas
357 1717 486 1773 coniunx
506 1721 651 1772 mactatus
671 1714 801 1784 aderas,

111 1812 155 1868 Et
176 1810 291 1868 sceleris
313 1810 392 1868 tanti
413 1810 542 1886 praemia
564 1811 655 1865 frater
676 1807 772 1864 habet

70 1907 169 1967 Exsul
191 1926 268 1983 agor,
282 1905 460 1982 'cineresque
480 1904 540 1961 viri
558 1905 743 1979 patriamque
765 1902 907 1976 relinquo,
978 1933 1013 1971 115

112 2003 155 2060 Et
173 2002 251 2059 feror
271 2001 304 2057 in
325 2001 413 2058 duras
433 2001 517 2058 hoste
538 2004 677 2075 sequente
698 1998 774 2054 vias:

71 2099 218 2174 Adplicor
236 2099 352 2174 ignotis,
373 2099 515 2172 fratrique
536 2097 633 2172 elapsa
652 2095 786 2171 fretoque

115 2195 203 2264 Quod
222 2194 279 2250 tibi
300 2193 415 2266 donavi,
437 2192 556 2268 perfide,
577 2193 650 2249 litus
671 2211 743 2252 emo.

72 2290 190 2348 Urbem
210 2282 356 2360 constitui,
377 2288 494 2363 lateque
513 2287 645 2363 patentia
664 2286 726 2359 fixi,

83 2374 86 2379 ¹
115 2383 236 2441 Moenia
256 2384 391 2441 finitimis
413 2384 561 2441 invidiosa
581 2384 658 2442 locis.

75 2481 162 2539 Bella
181 2486 313 2538 tument:
333 2480 419 2538 bellis
438 2480 592 2556 peregrina
612 2486 642 2538 et
663 2481 774 2538 femina
795 2486 929 2557 temptor,

117 2576 242 2653 Vixque
264 2577 346 2634 rudis
367 2582 467 2652 portas
486 2578 569 2635 urbis
592 2583 622 2635 et
643 2596 724 2637 arma
744 2595 821 2653 paro.

75 2673 165 2733 Mille
183 2674 278 2750 procis
299 2674 397 2750 placui
418 2675 472 2752 qui
491 2695 539 2733 me
561 2677 654 2733 coiere
674 2680 834 2752 querentes

117 2770 224 2828 Nescio
244 2790 332 2847 quem
351 2772 489 2830 thalamis
509 2773 711 2849 praeposuisse
733 2773 800 2830 suia.

127 3008 159 3059 99
175 3007 198 3056 Ε
215 3009 283 3058 inde.
350 3009 397 3057 101
413 3009 435 3057 Ε
453 3016 629 3072 quateretque
645 3015 690 3057 ter.
751 3008 799 3056 104
813 3009 834 3056 E
847 3012 965 3060 amisso...

76 3087 137 3123 mee.
164 3071 308 3122 Vomieeo.
375 3075 421 3121 108
429 3075 554 3124 Echtri.
622 3074 668 3123 109
681 3074 746 3122 esic.
814 3075 860 3121 113
871 3075 929 3122 EeV
940 3080 969 3122 ia

79 3146 168 3185 senaa.
243 3136 440 3189 116Eduuitce.
475 3138 620 3186 Pedubtaa.
698 3136 831 3186 118Eetu
842 3140 965 3198 corrupte.

78 3220 91 3250 ε
102 3201 160 3250 emi.
227 3199 273 3248 121
285 3217 297 3248 ε
307 3207 402 3262 torpor.
469 3202 514 3251 123
525 3202 561 3250 Ee
572 3200 678 3264 cupiere.
