2122 3676
328 244 397 308 νη.
418 243 526 304 nino
545 241 727 305 Araura.
930 224 967 303 aa

80 373 167 445 Quid,
188 372 214 430 si
233 373 366 446 nescires,
386 375 491 432 insana
510 373 583 450 quid
603 393 729 450 aequora
747 376 880 451 possuntt

120 470 268 545 Expertae
288 471 397 528 totiens
417 490 505 547 quam
525 469 601 541 male
621 470 714 528 credis
733 473 838 547 aquae!

79 566 127 624 Ut
147 567 249 641 pelago
269 566 408 622 suadente
428 566 518 622 etiam
538 565 699 623 retinacula
718 565 821 638 solvas,
983 587 1006 624 ss

119 663 219 719 Multa
239 669 338 719 tamen
358 663 435 719 latus
454 661 552 719 tristia
571 668 679 737 pontus
698 661 794 719 habet.

80 757 152 814 Nec'
164 758 288 814 violasse
308 757 395 813 fidem
416 757 630 832 temptantibus
650 776 777 833 aequora
798 758 929 834 prodest:

120 852 264 909 Perfidiae
284 871 391 928 poenas
411 851 503 927 exigit
523 851 575 908 ille
595 852 682 924 locus,

78 948 238 1023 Praecipue
258 968 325 1005 cum
344 950 439 1005 laesus
460 967 540 1004 amor
550 967 559 1019 3
580 947 649 1022 quia
669 952 763 1006 mater
782 947 929 1006 Amorum

118 1044 210 1101 Nuda
230 1044 410 1119 Cytheriacis
430 1044 509 1100 edita
527 1043 621 1099 fertur
641 1044 735 1118 aquis.
982 1054 1007 1091 ⁶⁰
1034 1030 1039 1037 ’

78 1141 200 1199 Perdita
220 1160 257 1197 ne
277 1142 405 1216 perdam,
426 1141 525 1209 timeo,
545 1159 702 1197 noceamve
722 1142 847 1212 nocenti,

118 1236 188 1293 Neu
207 1236 290 1292 bibat
309 1235 464 1311 aequoreas
483 1233 642 1308 naufragus
662 1232 754 1291 hostis
774 1254 871 1310 aquas.

77 1331 166 1403 Vive,
188 1333 306 1406 precor!
328 1331 369 1387 sic
388 1336 420 1386 te
439 1330 551 1401 melius,
574 1348 662 1403 quam
683 1328 785 1387 funere
805 1331 932 1404 perdam.
1021 1402 1023 1406 ,

117 1426 163 1483 Tu
184 1427 283 1502 potius
303 1427 356 1483 leti
377 1444 463 1482 causa
483 1427 575 1482 ferere
595 1424 661 1481 mei.

77 1523 179 1599 Finge,
195 1543 256 1599 age,
272 1529 302 1579 te
316 1523 445 1598 rapido..
462 1523 578 1578 nullum
592 1523 630 1579 sit
643 1523 676 1579 in
688 1523 785 1580 omine
804 1523 917 1598 pondus
931 1527 965 1584 l...
981 1528 1005 1578 ⁶5

118 1621 248 1676 Turbine
268 1619 426 1695 deprendi:
448 1619 520 1695 quid
540 1619 596 1675 tibi
615 1619 723 1675 mentis
743 1619 818 1677 criti

77 1716 220 1782 Protinus
240 1721 394 1773 occurrent
415 1715 505 1772 falsae
525 1714 654 1790 periuria
673 1715 799 1790 linguae,

118 1811 160 1866 Et
179 1810 311 1886 Phrygia
331 1810 409 1867 Dido
429 1810 532 1867 fraude
552 1816 652 1867 coacta
670 1810 761 1868 mori:

78 1908 218 1983 Coniugis
238 1914 307 1989 ante
327 1907 425 1964 oculos
445 1907 580 1981 deceptae
601 1906 691 1963 stabit
710 1906 806 1982 imago

118 2004 223 2060 Tristis
243 2008 273 2059 et
294 2003 392 2059 effusis
414 2003 638 2077 sanguinolenta
658 2003 754 2062 comis.
983 2022 1007 2076 χο

79 2100 160 2170 Quid
180 2092 258 2157 tanti
278 2109 321 2157 est
342 2106 376 2157 ut
396 2105 462 2169 tum
483 2098 601 2170 ‘merui
624 2097 806 2155 conceditel'
826 2095 905 2154 dicas
916 2117 925 2169 3
945 2131 951 2138 ·

119 2198 258 2273 Quaeque
278 2199 391 2270 cadent,
412 2198 445 2253 in
464 2202 495 2254 te
514 2196 639 2253 fulmina
659 2195 746 2252 missa
766 2197 868 2270 putesl

78 2293 128 2351 Da
146 2295 235 2350 breve
255 2293 394 2351 saevitiae
414 2292 543 2367 spatium
562 2290 715 2366 pelagique
734 2295 875 2364 tuaeque:

120 2388 238 2447 Grande
261 2407 359 2445 morae
379 2389 508 2464 pretium
527 2392 594 2444 tuta
613 2387 714 2443 futura
733 2385 782 2442 via
802 2393 852 2444 est.

78 2483 144 2542 Nec
163 2485 238 2541 mihi
256 2490 292 2541 tu
311 2503 405 2541 curae.
451 2502 541 2559 puero
561 2488 698 2558 parcatur
719 2481 800 2538 Iulo:
984 2495 1008 2559 rs

119 2579 161 2637 Te
180 2581 251 2637 satis
270 2585 316 2637 est
334 2579 454 2636 titulum
476 2578 580 2636 mortis
599 2577 706 2635 habere
726 2594 813 2633 meae.

129 2841 160 2890 ta
181 2840 205 2889 E
224 2843 330 2916 possint.
363 2847 496 2903 eposrent.
529 2839 594 2891 MPa
609 2847 720 2904 possunt,
737 2839 805 2901 quod
826 2841 971 2902 quomodo

79 2896 220 2955 delendant
209 2905 329 2956 tnescio.
397 2906 428 2954 56
444 2907 466 2954 E
485 2907 600 2955 trtrtctc‘c
665 2907 697 2958 57
714 2920 796 2953 cnon.
861 2906 892 2956 59
907 2907 930 2954 E
947 2914 972 2954 et

79 2977 166 3019 mater.
243 2969 398 3019 oleraceo.
470 2970 654 3033 ttnfinqec
671 2984 716 3030 ape
732 2969 827 3021 rabido.
901 2970 932 3018 68
947 2969 971 3018 E

80 3034 169 3084 noua.
204 3035 321 3096 cTyriu.
403 3034 434 3085 70
450 3034 472 3080 Ε
489 3036 680 3094 canpuiuoleutu
697 3049 730 3094 qu
746 3036 828 3082 comis
903 3035 971 3085 ⁷1ss

80 3099 143 3163 quid
158 3099 187 3147 ia
204 3104 240 3145 ert
256 3104 308 3144 tum
324 3095 358 3162 (to
373 3097 507 3161 superscr.)
521 3102 599 3146 merui
615 3100 739 3147 concedite
754 3099 829 3156 dicer,
846 3101 971 3158 corrupte

81 3161 240 3224 «quidquid
258 3161 287 3208 id
308 3169 343 3210 est
366 3169 460 3211 totum..
465 3165 549 3211 dices
588 3162 616 3210 M
633 3164 810 3212 tetendistis
833 3163 878 3212 sed
899 3161 972 3210 obelo

80 3230 164 3276 notat.
198 3226 447 3277 ttnmccitisam
480 3227 765 3288 scirnilu'uonpurcas
