2122 3676
125 244 163 303 28
367 243 510 307 OVIDII
527 244 765 307 splenem.

124 374 170 432 Tu
190 393 305 452 queque
324 374 470 435 elamabis
511 374 605 434 Nulla
623 375 793 454 reparabilis
812 369 876 437 arte

165 471 258 530 Laesa
276 471 419 548 pudicitia
438 477 490 532 est
532 470 646 548 deperit
665 471 718 530 illa
736 471 834 532 semel

77 594 114 634 105
125 565 223 625 Ardet
241 586 339 625 amore
358 566 422 626 tuit
456 567 498 627 sio
518 573 549 626 et
568 567 726 627 Menelaon
745 567 865 628 amavit.

165 661 255 720 Nune
274 662 349 720 ieeet
367 661 402 720 in
420 663 511 722 viduo
531 663 666 722 credulus
685 663 736 722 ille
755 669 828 725 toro.
1008 719 1010 724 .

125 758 212 818 Felix
231 759 446 834 Andromache,
468 765 547 818 certo
567 761 641 818 bene
661 765 754 838 nupta
772 760 889 821 marito.

165 855 254 914 Uxor
273 855 310 913 ad
330 856 497 932 exemplum
516 856 616 914 fratris
634 855 768 915 habenda
786 857 838 922 fui.

125 952 171 1010 Tu
191 952 284 1010 levior
302 952 389 1027 feliis,
410 958 475 1011 tum
494 971 561 1010 oum
580 951 644 1010 sine
663 953 790 1030 pondere
811 954 874 1014 suci

78 1077 115 1108 ιω
166 1049 327 1108 Mobilibus
347 1048 444 1108 ventis
464 1049 546 1108 arida
565 1048 643 1108 faeta
661 1049 770 1110 volant.

126 1146 167 1204 Et
186 1138 285 1206 minus
305 1153 351 1206 est
369 1146 404 1205 in
424 1152 463 1221 te,
486 1165 575 1223 quam
594 1164 709 1204 summa
727 1146 842 1223 pondus
860 1147 961 1220 arista,

166 1241 249 1313 Quae
268 1244 344 1302 levis
363 1241 488 1303 assiduis
508 1242 616 1301 solibus
636 1248 704 1300 usta
722 1243 804 1320 riget

126 1339 194 1399 Hoe
213 1345 293 1399 tua...
309 1360 379 1398 nam
398 1340 520 1400 reeolo...
535 1338 681 1415 quondam
700 1339 839 1416 germana
858 1341 991 1414 canebat,

165 1435 214 1494 Sie
233 1435 308 1492 mihi
327 1435 441 1493 diffusis
460 1434 621 1492 vaticinata
640 1433 730 1492 oemis

77 1560 112 1597 115
127 1532 219 1602 ‘Quid
238 1531 319 1603 facis,
340 1530 477 1590 Oenonel
501 1531 579 1601 Quid
597 1529 835 1601 arenaesemina
850 1531 990 1609 mondus?

165 1626 236 1684 Non
256 1623 430 1702 profecturis
450 1625 553 1684 littora
573 1626 669 1684 bubus
689 1644 761 1686 aras.

126 1721 215 1780 Graia
235 1721 359 1780 iurenea
376 1721 468 1794 venit,
490 1740 565 1798 quae
582 1727 614 1780 te
631 1721 814 1799 patriamque
832 1721 1009 1800 domumque

164 1819 288 1878 Perdat!
310 1819 341 1877 io
361 1818 496 1896 prohibe!
520 1818 611 1877 Graia
631 1817 754 1877 iuvenca
768 1816 871 1878 'venitl

124 1918 206 1975 Dum
226 1917 305 1991 lieet,
327 1916 481 1976 obscenum
501 1922 592 1994 ponto
613 1915 772 1992 demergite
792 1916 928 1992 puppim!

77 2042 113 2069 120
164 2013 244 2087 Heu,
267 2019 412 2090 quantum
433 2011 558 2088 Phrygii
578 2011 726 2088 sanguinis
747 2011 800 2069 illa
820 2009 930 2068 vehitl'

125 2103 257 2170 Dixerat
301 2110 334 2168 in
354 2128 442 2167 eursu
462 2108 589 2167 famulae
609 2126 731 2184 rapuere
751 2107 903 2166 furentem.

164 2205 209 2263 At
230 2205 304 2262 mihi
322 2206 463 2263 flaventes
484 2204 630 2280 diriguere
650 2223 755 2264 eomas.

124 2301 189 2359 Ah!
211 2299 335 2357 nimium
356 2301 479 2358 miserae
500 2306 583 2359 vates
604 2300 678 2359 mihi
690 2320 769 2359 ⁴vera
790 2298 883 2360 fuisti

163 2394 306 2470 Possidet,
329 2414 374 2469 en,
398 2396 490 2454 saltus
511 2395 602 2454 Graia
624 2396 748 2454 iuvenea
768 2398 862 2455 meosl

75 2519 111 2557 ης
124 2493 170 2551 Sit
191 2493 264 2551 faeie
286 2492 419 2570 quamvis
439 2491 573 2570 insignis,
595 2493 728 2551 adultera
748 2498 826 2551 certe
848 2497 899 2551 est

162 2589 301 2648 Deseruit
321 2587 412 2646 socios
431 2588 546 2666 hospite
566 2595 651 2666 oapta
671 2589 745 2647 deos
842 2581 845 2586 ’

122 2683 210 2742 Illam
230 2685 266 2743 de
285 2685 382 2762 patria
402 2677 567 2758 lheseus,.'..
589 2686 648 2743 nisi
667 2684 920 2744 nomine'fallor...

161 2779 268 2838 Neseio
287 2779 355 2857 quis
375 2779 503 2838 Theseus
522 2781 645 2839 abstulit
666 2787 735 2839 ante
756 2800 818 2843 sua.

171 2915 218 2965 105
228 2916 251 2964 D
262 2917 393 2966 Menelaon
406 2919 534 2967 eminebit.
623 2917 669 2967 106
686 2917 709 2967 E
721 2917 836 2978 jaceret.
929 2916 1010 2968 men

117 2981 182 3045 suit.
247 2980 470 3031 manniacum.
538 2981 731 3031 110Eeadunt.
806 2979 1012 3043 llquuome'u

122 3059 222 3095 summa.
290 3044 578 3107 lllnriyetvetjaceu
636 3045 776 3094 113ebuee
789 3046 1010 3107 tuaquoeresero.

124 3108 171 3156 116
186 3107 210 3156 E
226 3108 281 3158 boe.
312 3123 331 3158 a
346 3121 431 3168 snper.
512 3108 558 3157 118
572 3127 584 3158 ε
595 3110 693 3172 perdet.
759 3109 805 3159 119
821 3108 844 3156 E
858 3110 885 3157 dt
898 3111 1007 3170 menete.

124 3172 171 3286 123
185 3171 293 3284 Essvenit.
371 3173 419 3220 123
434 3179 524 3222 evotes
538 3175 650 3224 miserae.
722 3172 769 3222 124
779 3171 827 3222 EV
836 3174 1010 3237 illaffuoenoa.

125 3238 155 3286 12
180 3255 192 3286 ε
224 3241 286 3287 arte.
