2122 3676
114 170 152 228 66
351 168 495 230 OVIDII
517 167 756 229 nrlsrutsn

113 297 252 355 Proditus
271 303 315 355 est
334 295 459 374 genitor,
478 315 602 372 regnum
621 297 803 374 patriamque
821 297 942 377 reliqui,

64 423 101 452 110
153 395 263 452 Munus
284 394 316 452 in
342 395 430 452 exilio
451 394 601 470 quodlibet
623 413 684 454 esse
704 395 768 454 tuli.

113 490 278 567 Virginitas
301 490 380 548 facta
403 495 448 550 est
470 491 616 567 peregrini
637 490 745 566 praeda
767 491 898 553 latronis.

153 588 272 665 Optima
292 607 358 645 cum
381 607 448 646 cars
468 595 562 646 matre
584 588 686 646 relicta
709 606 797 647 soror.

112 685 157 741 At
181 704 240 741 non
260 690 291 743 te
313 685 428 761 fugiens
451 685 515 743 sine
535 703 589 760 me,
615 704 759 761 germane,
781 684 896 762 reliqui.

154 781 262 839 Deficit
284 782 338 840 hoc
361 801 421 840 uno
443 781 543 840 litters
566 789 668 840 nostre
688 781 758 841 loco.

66 902 99 939 ηε
113 877 197 947 Quod
217 877 311 936 iacere
332 898 403 936 ausa
422 896 488 936 mea
505 883 557 950 ast,
572 896 632 934 non
646 877 735 936 audet
748 878 874 936 scribere
886 878 1001 952 dextra,

153 972 201 1031 Sic
223 993 283 1050 ego,
304 974 354 1032 sed
377 978 483 1046 tecum,
504 972 686 1030 dilaceranda
698 967 756 1030 'fut
871 1040 875 1047 ,

113 1066 176 1126 Nec
193 1075 291 1135 tamen
305 1068 466 1126 extimui...
482 1067 554 1144 quid
568 1068 647 1125 enim
660 1066 790 1143 postilla
801 1067 991 1128 timereml...

152 1165 276 1224 Credere
292 1185 340 1224 me
362 1164 464 1242 pelago
487 1163 605 1236 femina,
627 1165 744 1241 iamque
763 1183 876 1225 nocens.

112 1260 232 1318 Numen
252 1261 304 1318 ubi
324 1262 388 1320 estl
408 1261 460 1318 ubi
480 1261 529 1318 dil
551 1260 670 1318 meritas
692 1262 845 1320 subeamus
868 1263 900 1320 in
922 1262 991 1336 alte,

64 1381 100 1406 120
151 1356 196 1413 Tu
218 1356 329 1415 fraudis
351 1375 466 1432 poenas,
488 1356 668 1415 credulitatis
688 1376 748 1434 ego.

112 1452 296 1528 Compressos
319 1453 434 1510 utinam
456 1452 658 1529 Symplegades
682 1454 835 1529 elisissent,

151 1548 318 1624 Nostraque
338 1549 526 1607 adhaererent
550 1551 662 1608 ossibus
685 1569 749 1608 ossa
772 1552 840 1623 tuis,

112 1644 178 1700 Aut
200 1664 253 1702 nos
276 1644 373 1722 Scylla
393 1666 485 1722 rapax
508 1649 628 1707 canibus
650 1648 777 1708 misisset
799 1651 944 1710 edendos!

152 1735 264 1794 Debuit
286 1737 409 1814 ingratis
431 1739 528 1814 Scylla
548 1760 652 1799 nocere
671 1741 749 1820 viris

65 1856 99 1894 ης
112 1830 250 1908 Quaeque
269 1833 363 1891 vomit
381 1835 506 1892 totidem
525 1835 631 1894 fluctus
651 1836 831 1914 totidemque
850 1841 990 1912 resorbet,

151 1928 215 1987 Nos
235 1949 350 2007 quoque
369 1930 536 1989 Trinacriae
556 1933 753 2009 subposuisset
772 1935 881 2012 cquae!

112 2026 215 2102 Sospes
235 2027 272 2084 ad
292 2028 470 2086 Haemonias
490 2030 640 2106 victorque
659 2034 813 2091 reverteris
833 2034 939 2092 urbes:

152 2121 276 2179 Ponitur
295 2124 332 2181 ad
352 2124 461 2200 patrios
482 2144 570 2182 aurea
590 2125 658 2182 lsna
680 2126 756 2184 deos.

113 2217 190 2285 Quid
210 2219 331 2276 referam
352 2220 450 2278 Peliae
470 2227 554 2278 natas
573 2221 683 2298 pietate
704 2230 840 2281 nocentes

64 2341 99 2376 130
152 2313 297 2390 Caesaque
318 2317 449 2392 virginea
468 2317 598 2374 membra
617 2324 739 2393 paterna
758 2320 869 2376 manui

112 2408 157 2466 Ut
178 2409 297 2486 culpent
320 2411 380 2483 alii,
402 2412 457 2468 tibi
479 2430 526 2469 me
547 2412 666 2470 laudare
689 2432 803 2470 necesse
826 2421 878 2485 est,

151 2504 209 2562 Pro
230 2524 288 2582 quo
307 2525 373 2563 sum
395 2507 504 2564 totiens
528 2527 590 2565 esse
613 2514 711 2566 coacta
734 2528 847 2566 nocens,

110 2603 211 2659 Ausus
232 2621 298 2660 es...
322 2602 357 2660 0!
377 2603 455 2660 iusto
477 2605 583 2661 desunt
605 2623 657 2662 sua
679 2606 767 2663 verba
787 2605 915 2662 dolori...

150 2700 251 2757 Ausus
274 2719 304 2758 es
327 2700 485 2758 ‘Aesonia'
506 2701 599 2760 dicere
615 2702 701 2760 ‘cede
724 2702 809 2759 domo
821 2704 839 2759 l'
914 2716 920 2730 '

159 2901 205 2949 113
221 2901 244 2950 V
263 2909 286 2950 te
303 2916 360 2950 sos.
447 2902 493 2950 118
510 2901 575 2950 Pali
592 2910 697 2964 tamque,
714 2900 781 2962 quod
797 2898 917 2962 frigidum
933 2902 1000 2951 mihi

111 2963 217 3013 videtur.
253 2965 287 3014 εἷ’
297 2968 408 3028 jamque.
483 2967 530 3015 123
546 2967 583 3014 Pa
598 2967 663 3028 conj,
680 2968 817 3015 mersisset:
842 2965 886 3014 sed
902 2966 970 3025 quod
986 2981 1000 3017 e

111 3042 133 3077 v.
154 3029 200 3076 126
214 3031 301 3079 contre
313 3030 385 3080 MSS.
397 3029 470 3078 offert
481 3028 557 3078 nihili
567 3033 619 3080 est:
636 3045 730 3093 quoque
741 3029 879 3078 enimcum
890 3044 933 3078 nos
945 3045 1000 3080 non

110 3105 169 3140 cum
184 3095 347 3154 supposuisset
363 3094 566 3154 conjungendum
583 3096 628 3145 est.
713 3095 759 3143 127
776 3096 905 3143 ereverts't
915 3097 998 3145 orbes.

111 3156 157 3204 128
170 3160 364 3220 sasreapreda.
396 3158 490 3207 Victo.
