2122 3676
103 240 146 306 '18
350 207 494 308 curun
508 246 749 310 aureamin
845 303 848 309 .

106 377 162 435 'l’er
181 381 279 435 tecum
299 381 403 435 conata
422 377 504 454 loqui
523 383 569 435 ter
588 378 704 436 inutilia
722 377 817 435 haesit

146 473 269 548 Lingua,
290 477 336 531 ter
354 473 388 530 in
406 473 510 550 primo,
521 474 637 533 destitit
657 494 707 532 ore
727 493 823 533 sonus.
901 532 907 542 ,

107 569 173 639 Qua
191 570 260 629 licet
280 577 310 629 et
330 570 470 647 sequitur,
491 570 586 647 pudor
605 576 650 631 eat
669 571 832 629 miscendus
851 573 951 632 amori

70 695 94 722 10
146 668 251 725 Dicere
271 687 345 743 quae
364 667 479 743 puduit,
499 667 625 727 scribere
644 668 731 726 iussit
750 687 838 727 amor.

106 763 256 840 Quidquid
277 763 370 820 Amor
389 761 483 835 iussit,
505 782 564 821 non
584 769 630 822 est
649 770 834 822 contemnere
853 769 973 823 tutum:

145 862 263 937 Regnat
278 865 313 918 *et
332 859 364 916 in
384 859 517 917 dominos
536 858 584 918 iuu
603 860 692 918 habet
712 860 762 918 ille
781 860 858 918 dece.

106 957 162 1015 Ille
181 956 256 1014 mihi
275 955 370 1032 primo
390 955 541 1014 dubitanti
560 955 684 1014 scribere
705 955 781 1014 dixit
885 987 888 993 ·

146 1052 272 1110 ‘Scribei
300 1052 385 1110 dabit
405 1051 499 1109 victae
519 1051 632 1114 ferreus
652 1051 703 1109 ille
723 1049 846 1110 manua’

71 1175 93 1211 15
105 1149 204 1222 Adsit,
226 1154 257 1206 et
276 1154 312 1207 nt
330 1154 445 1206 nostras
465 1147 552 1205 avido
571 1146 653 1204 fovet
672 1147 740 1222 igne
759 1146 911 1219 medullae,

145 1244 232 1321 Figat
251 1245 293 1303 sic
312 1245 425 1302 animos
443 1243 477 1302 in
496 1262 561 1301 mea
579 1248 650 1300 vcta
668 1249 742 1301 tuoe.

105 1341 175 1399 Non
195 1361 248 1418 ego
267 1342 399 1418 nequitia
417 1341 535 1401 socialia
553 1341 671 1399 foedera
690 1360 830 1417 rumpam
947 1408 949 1411 ¹

145 1439 262 1499 Fama...
285 1440 374 1498 velim
393 1459 545 1516 quaeras...
568 1440 689 1498 crimine
709 1447 809 1499 nostra
830 1449 923 1500 vacat

104 1536 198 1594 Venit
218 1556 299 1595 amor
318 1538 444 1614 graviuS,
466 1557 523 1614 quo
543 1539 641 1598 aerius.
683 1539 797 1598 urimur
810 1526 911 1599 intua:
971 1578 973 1582 ν

67 1666 91 1692 20
144 1629 278 1704 Urimur,
300 1639 330 1690 et
349 1652 467 1691 caecum
486 1639 604 1709 pectora
623 1634 733 1692 vulnus
751 1634 870 1694 habent.

104 1726 221 1785 Scilicet
240 1734 275 1788 ut
295 1735 411 1788 teneros
430 1729 552 1787 laedunt
571 1729 640 1805 iuga
660 1729 755 1806 prima
774 1730 920 1806 iuvencos,

142 1824 295 1902 Frenaque
314 1827 368 1884 vix
386 1826 501 1903 patitur
519 1826 556 1883 de
575 1845 661 1902 grege
681 1831 782 1902 captus
803 1845 904 1903 equua

104 1919 151 1978 Sic
171 1923 247 1980 male
266 1924 376 2001 vixque
396 1923 476 1983 subit
496 1923 605 2000 primos
625 1923 698 1980 rude
718 1928 819 1998 pectus
839 1944 958 1998 amores,

143 2016 319 2096 Sarcinaque
338 2020 409 2078 haec
429 2019 526 2078 animo
546 2038 606 2076 non
627 2018 707 2075 sedet
726 2022 796 2093 apta
815 2039 886 2080 meo.

66 2112 162 2176 25A1¹S
181 2115 224 2188 fit,
245 2117 298 2173 ubi
317 2137 335 2174 a
354 2116 462 2173 teneris
482 2114 592 2172 crimen
612 2115 788 2172 condiscitur
807 2116 909 2176 annis:

43 2228 45 2231 ’
142 2210 224 2280 Quae
243 2210 328 2267 venit
347 2217 450 2268 exacto
469 2216 607 2286 tempore,
629 2212 712 2286 peius
732 2217 819 2270 amat

101 2307 147 2364 Tu
166 2326 243 2365 nova
263 2313 394 2365 servatae
414 2326 514 2384 carpes
533 2308 674 2365 libamina
694 2310 806 2370 famae:

141 2403 182 2460 Et
201 2403 312 2478 pariter
329 2408 466 2461 nostrum
485 2404 536 2462 fiet
556 2410 681 2481 uterque
700 2426 815 2467 nocens.
863 2407 864 2410 ’

100 2499 155 2557 Eu
175 2497 295 2574 aliquid,
315 2497 411 2575 plenia
430 2500 561 2576 pomaria
581 2520 699 2578 carpere
719 2503 807 2560 ramis

62 2631 86 2666 30
139 2595 180 2653 Et
199 2595 282 2658 tenui
301 2595 427 2672 primam
446 2597 577 2673 delegere
597 2618 694 2676 ungue
715 2619 817 2660 rosam.

98 2692 132 2750 Si
151 2698 250 2750 tamen
269 2691 320 2749 ille
340 2692 428 2767 prior,
450 2712 508 2776 quc
528 2712 574 2751 me
594 2695 658 2753 eine
678 2695 799 2754 crimine
819 2697 903 2774 gessi,

138 2790 254 2848 Oandcr
274 2789 311 2846 ab
331 2788 450 2846 insolita
469 2789 534 2848 labe
554 2792 700 2849 notandus
721 2802 792 2867 erat,

97 2887 142 2966 At
162 2887 236 2943 bene
255 2883 401 2956 successit,
422 2884 511 2960 digno
531 2887 609 2962 quod
629 2888 780 2946 adurimur
799 2888 869 2966 igni.

137 2984 226 3042 Peius
246 2983 390 3042 adulterio
410 2987 506 3061 turpis
525 2987 642 3044 adulter
662 2989 751 3045 obest.

146 3116 177 3176 17
193 3113 215 3160 E
233 3116 326 3178 sedere.
403 3115 433 3164 19
452 3114 474 3162 n
492 3118 576 3166 acrior.
660 3118 690 3164 23
708 3116 834 3177 Eprimc.
870 3130 980 3164 amorem.

98 3178 129 3226 25
145 3177 168 3225 Ε
185 3180 225 3228 sit.
293 3179 324 3227 26
341 3178 368 3226 M
384 3178 455 3227 obelo
471 3180 578 3229 notavit.
643 3181 674 3229 27
692 3180 739 3230 cPa
755 3183 844 3242 cupies.
913 3179 944 3226 30
959 3178 982 3225 It

100 3243 211 3302 diligere.
277 3243 307 3290 31
318 3242 376 3293 ΕΝ
386 3244 431 3292 sic.
911 3288 912 3292 ,
955 3288 958 3292 ,
