2122 3676
236 213 498 302 naereses.
541 213 620 271 mr.
643 210 799 270 Mense.
921 208 957 267 e1
1040 169 1041 175 Ν

71 343 102 401 N
104 361 137 401 ec
156 346 241 419 pater
260 349 305 402 est
324 345 450 422 Aegeus,
470 364 525 403 nec
544 351 579 402 tu
599 344 763 403 Pittheidos
782 341 912 400 Aethrae

111 439 226 498 Filius:
252 447 385 499 auctores
405 461 476 499 saxa
494 443 660 517 fretumque
680 442 732 499 tu'u

71 533 114 591 Di
133 534 269 607 facerent,
284 541 319 594 ut
338 554 385 593 me
405 556 519 594 summa
538 537 575 595 de
593 556 690 614 puppe
708 536 841 594 videres:

111 629 256 690 Movisset
275 633 377 690 vultus
396 639 507 690 maesta
525 633 619 709 figura
636 639 711 690 tuos

71 727 161 786 Nunc
174 747 290 805 quoque
306 748 366 787 non
384 730 483 802 oculis,
498 731 549 787 sed
569 749 628 805 qua
646 735 736 806 potes,
751 728 846 805 aspice
863 733 1010 786 mertens

111 825 293 884 Haerentem
313 827 436 903 scopulo,
458 846 546 903 quem
565 845 639 902 vaga
657 826 755 901 pulsat
774 843 868 902 aque:

72 920 180 997 Aspice
200 920 338 978 demissos
358 921 486 998 lugentis
507 941 586 979 more
605 921 724 997 capillos
796 934 799 938 ’

110 1017 153 1074 Et
172 1017 287 1074 tunicas
307 1016 434 1074 lacrimis
453 1016 530 1074 sicut
549 1018 586 1073 ab
605 1017 698 1074 imbre
717 1017 821 1091 gravis.

70 1114 184 1190 Corpus
203 1120 238 1171 ut
256 1113 389 1190 inpulsae
408 1119 518 1190 segetes
537 1112 721 1190 aquilonibus
740 1113 846 1185 horret

110 1211 282 1288 litteraque
302 1211 425 1269 articulo
444 1230 542 1288 pressa
561 1215 704 1267 tremente
724 1209 811 1267 labat.
975 1227 1011 1262 ¹⁴0

70 1308 142 1366 Non
161 1314 193 1366 te
211 1327 264 1386 per
282 1308 457 1367 meritum...
468 1307 606 1385 quoniam
625 1307 701 1364 male
720 1306 843 1365 cessit...
854 1306 960 1364 adore:

111 1405 221 1463 Debita
241 1405 282 1464 sit
300 1407 376 1463 facto
396 1405 491 1481 gratia
510 1405 592 1462 nulla
611 1423 693 1462 meo:

71 1501 130 1559 Sed
149 1520 203 1560 nec
222 1521 315 1579 poena
333 1503 459 1579 quidem.
501 1502 534 1560 si
552 1522 613 1560 non
629 1506 684 1577 'ego
704 1520 789 1558 caum
809 1500 918 1569 salutis,

111 1597 182 1656 Non
200 1605 300 1657 tamen
319 1607 372 1671 est,
393 1619 445 1657 cur
465 1600 504 1657 sis
523 1605 558 1656 tu
578 1599 653 1656 mihi
673 1618 759 1656 cause
778 1597 863 1655 necis

69 1695 137 1754 Has
156 1695 213 1753 tibi
231 1695 394 1775 plangendo
413 1695 549 1771 lugubria
568 1701 684 1770 pectora
703 1695 793 1752 lassas
975 1705 1009 1741 ¹⁴⁵

110 1790 223 1849 Infelix
242 1791 330 1849 tendo
349 1797 431 1848 trans
450 1792 526 1849 freta
545 1791 631 1867 lon‘ga
650 1809 770 1848 manus:

70 1887 137 1946 Hos
157 1888 221 1960 tibi,
242 1887 294 1965 qui
313 1894 460 1964 superant,
482 1888 602 1946 ostendo
622 1893 733 1944 maesta
753 1886 891 1962 capillos:

111 1984 170 2042 Per
187 1983 321 2041 lacrimas
340 2002 399 2055 ore,
421 2002 493 2059 quas
512 1990 564 2039 tua
583 1982 661 2038 facta
681 1987 820 2039 movent:

70 2081 169 2138 Flecte
188 2086 291 2151 ratem,
312 2079 432 2150 Theseu,
453 2097 593 2153 versoque
613 2078 742 2134 relabere
755 2077 839 2135 velol

110 2176 143 2234 si
162 2175 244 2253 prius
263 2175 400 2250 occidero,
420 2181 456 2232 tu
475 2180 575 2233 tamen
594 2193 660 2232 ossa
680 2174 758 2233 feres
974 2201 1010 2237 150

475 2486 552 2544 XII.

379 2661 501 2716 MEDEA
521 2663 647 2714 lasum.

66 2780 117 2839 Ar
137 2779 194 2838 tibi
214 2779 691 2873 Colchorum...memini...regina
710 2783 821 2856 vacavi,

106 2877 167 2935 Ars
186 2896 259 2950 mea,
282 2898 348 2936 cum
368 2886 489 2956 peteres,
510 2887 546 2939 ut
565 2882 622 2940 tibi
641 2883 731 2941 ferret
751 2900 842 2958 opem.

114 3070 163 3119 1aa
180 3087 192 3120 e
207 3069 238 3120 ce
253 3085 348 3121 amma
363 3087 433 3135 ape.
495 3073 677 3130 lusae.
757 3042 952 3136 assume.

66 3133 158 3248 {qbvq
168 3141 287 3198 acetoque
308 3137 417 3188 relabere
438 3152 516 3196 cerea
549 3138 600 3188 VM
614 3152 730 3202 versoque
746 3139 855 3189 relabere
873 3147 954 3190 cente.
