2122 3676
111 211 148 270 56
353 203 496 267 OVIDII
514 203 755 264 EPISTULAE.

533 466 574 525 X.

395 622 546 678 sumnus
566 625 712 677 THESEO.

111 761 228 819 Mrrrus
247 760 350 818 inveni
368 780 456 838 quam
476 766 507 818 te
526 779 618 838 genus
638 778 723 817 omne
743 759 878 819 ferarum.

152 858 269 916 Credita
288 876 349 915 non
367 857 423 914 ulli
442 877 531 933 quam
550 857 607 914 tibi
626 857 710 932 peius
730 875 817 914 eram.

113 954 194 1024 uuae
214 954 295 1030 regu,
316 973 354 1011 ex
373 953 433 1027 no,
446 937 576 1023 'meses
597 951 654 1009 eu
673 952 760 1010 nero
779 952 875 1025 mita,

151 1049 241 1109 Unde
259 1055 342 1106 tuam
362 1048 424 1106 sino
444 1067 491 1105 me
510 1049 577 1106 vela
595 1048 690 1106 tulere
709 1054 817 1106 ratem:
1024 1126 1027 1132 .

88 1144 152 1203 sIn
171 1165 228 1221 quo
248 1165 295 1203 me
315 1142 590 1221 somnusque'meus
609 1144 685 1202 mele
704 1143 833 1221 prodidit
852 1149 883 1201 et
904 1149 946 1216 tu,

153 1240 212 1298 Per
229 1240 343 1298 ferinus
362 1241 471 1298 somnis
492 1239 629 1297 insidiate
648 1239 728 1298 meis

39 1368 56 1411 .'
113 1335 238 1412 Tempus
257 1343 330 1407 erat,
351 1336 445 1392 vitrea
465 1354 523 1412 quo
541 1335 671 1412 primum
690 1340 770 1392 terra
788 1334 896 1410 pruina

38 1414 49 1513 Γ
72 1468 76 1475 ·
154 1431 308 1508 Spargitur
326 1438 357 1489 ei
376 1437 471 1488 tectae
491 1430 595 1489 fronde
615 1436 780 1507 queruntur
799 1448 882 1489 aves:

116 1527 265 1585 Incerlum
284 1526 419 1602 vigilans,
440 1546 458 1584 a
477 1544 578 1584 somno
598 1525 743 1602 languida,
764 1523 844 1583 movi

80 1646 104 1672 10
154 1619 264 1679 Thesea
282 1638 437 1696 prensuras
456 1621 634 1697 semisupina
652 1639 771 1678 manus:

117 1717 226 1776 Nullus
246 1723 326 1775 erat:
345 1717 496 1794 referoque
515 1738 628 1791 manus,
650 1718 816 1795 iterumque
834 1721 988 1796 retempto,

156 1811 270 1890 Perque
289 1820 387 1872 torum
407 1834 510 1873 moveo
529 1814 670 1885 bracchia,
690 1814 792 1872 nullus
811 1820 881 1873 erui.

116 1911 277 1968 Excussere
297 1916 392 1969 metus
412 1931 553 1969 somnum.
596 1912 755 1969 conterrita
774 1929 870 1988 surgo,

155 2008 345 2085 Membraque
365 2014 435 2065 suni
454 2008 543 2065 viduo
563 2007 753 2083 praecipitata
771 2012 844 2066 toro.

81 2125 103 2162 ιε
117 2103 257 2160 Protinus
276 2101 410 2160 adductis
430 2107 591 2158 sonuerunt
611 2107 727 2177 pectora
746 2099 859 2175 palmis,

156 2186 259 2271 thu'e
279 2201 342 2252 ersi
361 2215 377 2253 e
397 2214 497 2253 somno
516 2195 643 2268 turbida,
663 2201 749 2272 rapta
768 2213 850 2252 coma
869 2200 921 2254 est
948 2209 952 2216 '

117 2291 202 2349 Luna
220 2282 296 2349 fuit:
315 2299 420 2367 specto,
440 2291 537 2367 siquid
556 2289 720 2350 nisi‘litora
740 2309 862 2349 cernam

157 2387 243 2457 Quod
261 2386 380 2444 videant
400 2387 485 2458 oculi,
507 2387 551 2443 nil
570 2387 629 2444 nisi
647 2386 720 2444 litus
739 2385 857 2443 habent.

118 2480 207 2538 Nune
226 2480 292 2553 huo,
314 2500 392 2538 nune
412 2481 489 2552 illuc,
511 2487 542 2538 et
560 2487 686 2559 utroque
705 2482 768 2538 sine
788 2479 890 2538 ordine
908 2496 1003 2536 curro.

81 2611 122 2637 20*
158 2578 231 2635 Alta
249 2577 392 2653 puellares
411 2579 510 2636 tardet
529 2598 618 2638 arens
636 2579 730 2656 pedes.

78 2714 80 2718 -
118 2678 237 2736 Interea
255 2682 319 2734 toto
339 2676 478 2732 clamanti
497 2676 584 2734 litore
605 2673 758 2733 ‘Theseul‘

158 2774 333 2832 Reddebant
351 2791 458 2830 nomeu
478 2792 604 2831 oonoava
623 2791 694 2829 sexa
713 2776 807 2842 tuum,

120 2873 160 2930 Et
180 2873 315 2949 quotiens
335 2890 387 2948 ego
406 2877 445 2944 le,
466 2871 575 2929 totiens
594 2871 674 2928 loeus
693 2869 756 2945 ipse
776 2867 904 2927 vocabat.

159 2968 228 3045 Ipse
247 2968 326 3027 loeus
345 2969 466 3026 miserae
485 2969 561 3026 ferre
580 2967 696 3024 volebat
715 2985 806 3044 opem.

201 3194 216 3241 3
229 3207 332 3256 equom,
343 3193 375 3241 of.
388 3207 405 3241 1.
419 3194 441 3241 1.
507 3193 521 3242 6
534 3211 545 3241 ε
551 3207 605 3255 pro.
671 3192 703 3242 10
714 3192 748 3241 eV
758 3192 908 3256 remuoplto.
