2122 3676
280 245 345 306 m.
366 245 537 308 emersu
554 245 738 309 rourum
918 206 984 304 ιε’Ῠ

59 377 158 435 Arma
180 394 259 452 cepe,
284 375 418 449 Aeacide,
441 375 492 433 eed
512 394 560 433 me
580 381 680 434 tumen
702 379 772 434 ente
792 379 916 450 recepte,
1018 436 1022 445 ,

102 472 142 531 Et
163 492 262 550 preme
285 475 419 532 turbatos
441 472 541 531 Marte
569 474 688 532 favente
709 473 795 532 viror

59 568 188 647 Propter
209 589 257 627 me
277 577 358 628 motu
378 576 432 644 eet,
455 575 575 648 propter
597 589 645 626 me
665 569 781 627 desinet
801 569 860 628 ira:

101 665 221 742 Simque
242 684 295 742 ego
316 665 456 723 tristitiae
479 684 566 724 cause
587 664 747 741 modusque
768 669 845 724 tuce.
965 691 992 732 90

59 759 125 819 Nec
148 759 205 817 tibi
227 766 315 837 turpe
336 766 409 836 putu
431 760 565 837 precibus
588 760 774 818 succumbere
796 760 910 818 nostrie

101 858 241 934 Coniugis
265 858 392 916 Oenides
413 876 515 916 vereue
535 859 570 916 in
591 877 672 915 arma
694 877 779 935 prece
800 863 851 949 eet

60 953 122 1012 Res
143 955 245 1013 audita
267 953 350 1028 mihi,
374 959 447 1012 notu
467 960 512 1013 eet
535 953 600 1012 tibi
641 953 783 1012 fratribus
803 955 875 1013 orba

101 1051 231 1110 Devovit
253 1051 318 1109 neti
339 1069 477 1127 spemque
499 1057 644 1128 caputque
666 1070 779 1128 pareus.

59 1147 179 1206 Bellum
200 1153 271 1207 erat
313 1147 363 1206 ille
385 1148 470 1207 ferox
492 1148 595 1226 positis
616 1148 735 1206 secessit
757 1149 795 1207 ab
814 1147 912 1223 armie,
968 1175 992 1216 ⁹⁵

108 1243 148 1300 Et
168 1243 283 1319 patriae
305 1241 401 1318 rigide
421 1247 521 1300 mente
540 1242 660 1319 negavit
673 1260 765 1319 opem.

59 1340 129 1401 Solu
149 1340 248 1398 virum
272 1339 403 1398 coniunx
422 1339 514 1399 flexit.
536 1366 538 1371 ¹
554 1339 680 1398 Felicior
700 1340 765 1398 illu!

100 1434 147 1493 At
169 1454 234 1494 mee
256 1454 311 1512 pro
333 1435 416 1497 nullo
437 1435 568 1513 pondere
588 1436 678 1494 verbe
702 1436 819 1497 cedunt

58 1532 124 1592 Nec
144 1537 244 1590 tamen
265 1530 410 1607 indignor.
452 1549 506 1589 nec
526 1549 573 1588 me
597 1550 649 1607 pro
671 1530 794 1608 coniuge
816 1533 894 1608 geeei

100 1627 276 1704 Saepiue'in
298 1625 412 1683 demini
432 1645 517 1684 serva
537 1632 642 1685 vocate
663 1632 768 1685 torum

58 1724 112 1782 Me
135 1724 286 1802 quaedem,
308 1722 438 1797 memini,
463 1725 621 1782 dominum¹
634 1725 751 1802 captive
771 1726 909 1786 vocabat:

101 1819 253 1880 ‘Servitio’
275 1820 340 1877 dixi
363 1821 504 1879 ‘neminie
525 1821 609 1879 addis
631 1822 723 1880 onus?

58 1917 118 1977 Per
141 1921 240 1975 tumen
263 1936 329 1975 osee
351 1917 411 1974 viri
432 1917 530 1976 subito
554 1917 632 1975 mele
654 1923 733 1976 tectu
754 1919 917 1995 sepulchro,
945 1981 948 1986 ,

99 2015 220 2092 Semper
242 2015 357 2074 iudiciis
381 2032 446 2072 osee
468 2015 597 2073 verende
616 2014 699 2087 meis,

57 2110 174 2189 Perque
197 2111 289 2170 trium
309 2112 400 2170 fortes
421 2111 543 2187 animae,
565 2131 631 2171 meu
650 2111 782 2184 numina,
806 2113 941 2189 fratrum,
968 2145 1003 2180 ως

98 2208 158 2279 Qui
181 2209 255 2268 bene
276 2227 330 2286 pre
352 2209 448 2286 petria
469 2226 536 2267 cum
556 2208 710 2285 patriaque
732 2207 838 2285 iacent,

58 2304 174 2383 Perque
194 2311 282 2364 tuum
298 2311 489 2383 nostrumque
506 2312 603 2382 caput,
622 2325 697 2382 quae
713 2306 866 2366 iunximus
883 2326 951 2380 unu,

98 2401 214 2480 Perque
237 2408 416 2479 tumerem,
438 2403 556 2481 cognite
576 2404 636 2462 tela
656 2403 739 2477 meie,

57 2496 152 2556 Nulla
174 2499 369 2576 Mycenaeum
392 2501 515 2559 sociasse
536 2499 645 2557 cubitia
665 2519 780 2559 mecum

99 2593 180 2652 Iuro.
220 2595 372 2653 fallentem
395 2595 555 2654 deseruisse
574 2595 657 2656 velie.

58 2689 91 2748 Si
112 2690 169 2748 tibi
189 2710 268 2750 nunc
290 2693 395 2766 dicum,
419 2691 599 2767 ‘fortissime
622 2698 657 2750 tu
680 2712 798 2771 quoque
820 2692 886 2752 iura

97 2787 191 2845 Nulla
211 2789 269 2846 tibi
289 2789 353 2847 eine
374 2808 421 2848 me
442 2789 549 2870 gaudia
571 2787 666 2864 fectu,'
687 2809 783 2868 neges.

105 3049 171 3101 87E
184 3063 256 3099 amru
265 3064 326 3112 cape
337 3051 447 3101 Aeacide
457 3053 501 3101 red
510 3065 541 3101 uc
550 3051 631 3114 ficiat
646 3058 844 3102 tamen...err0re
856 3065 870 3102 e
880 3065 905 3104 v.
918 3054 950 3105 89

56 3114 197 3163 contrecto.
274 3115 305 3164 89
318 3115 341 3163 E
352 3116 441 3179 finiat.
514 3117 545 3167 92
562 3116 727 3165 VAcacidce.
793 3115 861 3165 95ss
878 3118 947 3168 bellu

56 3178 239 3306 ξ’ἐΊΕΕζΡᾳοῧὶἰο
255 3176 365 3240 Vflccc't
380 3179 479 3241 corrice.
545 3180 593 3230 101
613 3197 625 3229 e
642 3194 679 3229 me
698 3180 799 3230 utemini
817 3182 949 3298 quendum.
