<?xml version="1.0" encoding="UTF-8"?>
<!DOCTYPE html PUBLIC "-//W3C//DTD XHTML 1.0 Transitional//EN"
    "http://www.w3.org/TR/xhtml1/DTD/xhtml1-transitional.dtd">
<html xmlns="http://www.w3.org/1999/xhtml" xml:lang="en" lang="en">
 <head>
  <title>
</title>
<meta http-equiv="Content-Type" content="text/html;charset=utf-8" />
  <meta name='ocr-system' content='tesseract 3.04.00' />
  <meta name='ocr-capabilities' content='ocr_page ocr_carea ocr_par ocr_line ocrx_word'/>
</head>
<body>
  <div class='ocr_page' id='page_1' title='image "./heroidumepistul00shucgoog_0112.png"; bbox 0 0 2122 3676; ppageno 0'>
   <div class='ocr_carea' id='block_1_1' title="bbox 89 227 952 301">
    <p class='ocr_par' dir='ltr' id='par_1_1' title="bbox 89 227 952 301">
     <span class='ocr_line' id='line_1_1' title="bbox 89 227 952 301; baseline -0.017 0"><span class='ocrx_word' id='word_1_1' title='bbox 89 296 92 301; x_wconf 85' lang='lat'>.</span> <span class='ocrx_word' id='word_1_2' title='bbox 195 231 292 292; x_wconf 86' lang='lat' dir='ltr'>XIII.</span> <span class='ocrx_word' id='word_1_3' title='bbox 315 228 529 291; x_wconf 77' lang='lat' dir='ltr'>LAODAMIA</span> <span class='ocrx_word' id='word_1_4' title='bbox 558 227 822 289; x_wconf 78' lang='lat' dir='ltr'><em>PROTESILAO.</em></span> <span class='ocrx_word' id='word_1_5' title='bbox 914 229 952 289; x_wconf 83' lang='grc'>73</span> 
     </span>
    </p>
   </div>
   <div class='ocr_carea' id='block_1_2' title="bbox 65 355 990 1008">
    <p class='ocr_par' dir='ltr' id='par_1_2' title="bbox 65 355 835 528">
     <span class='ocr_line' id='line_1_2' title="bbox 65 355 835 435; baseline -0.006 -16"><span class='ocrx_word' id='word_1_6' title='bbox 65 362 137 420; x_wconf 87' lang='lat' dir='ltr'>Non</span> <span class='ocrx_word' id='word_1_7' title='bbox 156 364 209 431; x_wconf 78' lang='lat' dir='ltr'>eal,</span> <span class='ocrx_word' id='word_1_8' title='bbox 230 377 317 435; x_wconf 90' lang='lat' dir='ltr'>quem</span> <span class='ocrx_word' id='word_1_9' title='bbox 337 358 438 415; x_wconf 71' lang='lat' dir='ltr'>deceat</span> <span class='ocrx_word' id='word_1_10' title='bbox 457 356 537 414; x_wconf 88' lang='lat' dir='ltr'>nudo</span> <span class='ocrx_word' id='word_1_11' title='bbox 557 375 728 414; x_wconf 79' lang='lat' dir='ltr'>concurrere</span> <span class='ocrx_word' id='word_1_12' title='bbox 747 355 835 428; x_wconf 81' lang='lat' dir='ltr'>ferro,</span> 
     </span>
     <span class='ocr_line' id='line_1_3' title="bbox 106 450 814 528; baseline -0.004 -16"><span class='ocrx_word' id='word_1_13' title='bbox 106 455 257 528; x_wconf 68' lang='lat' dir='ltr'>Saevaque</span> <span class='ocrx_word' id='word_1_14' title='bbox 276 453 308 514; x_wconf 88' lang='lat' dir='ltr'>in</span> <span class='ocrx_word' id='word_1_15' title='bbox 328 452 474 528; x_wconf 77' lang='lat' dir='ltr'>obpositoa</span> <span class='ocrx_word' id='word_1_16' title='bbox 494 457 612 526; x_wconf 71' lang='lat' dir='ltr'>pectora</span> <span class='ocrx_word' id='word_1_17' title='bbox 631 452 707 509; x_wconf 87' lang='lat' dir='ltr'>ferra</span> <span class='ocrx_word' id='word_1_18' title='bbox 726 450 814 510; x_wconf 83' lang='lat' dir='ltr'>viros.</span> 
     </span>
    </p>

    <p class='ocr_par' dir='ltr' id='par_1_3' title="bbox 66 549 872 720">
     <span class='ocr_line' id='line_1_4' title="bbox 66 549 872 625; baseline -0.002 -18"><span class='ocrx_word' id='word_1_19' title='bbox 66 550 185 608; x_wconf 80' lang='lat' dir='ltr'>Fortius</span> <span class='ocrx_word' id='word_1_20' title='bbox 204 550 255 606; x_wconf 91' lang='lat' dir='ltr'>ille</span> <span class='ocrx_word' id='word_1_21' title='bbox 275 555 371 625; x_wconf 77' lang='lat' dir='ltr'>potest</span> <span class='ocrx_word' id='word_1_22' title='bbox 391 549 492 621; x_wconf 80' lang='lat' dir='ltr'>multo,</span> <span class='ocrx_word' id='word_1_23' title='bbox 515 567 603 623; x_wconf 88' lang='lat' dir='ltr'>quam</span> <span class='ocrx_word' id='word_1_24' title='bbox 623 551 744 623; x_wconf 79' lang='lat' dir='ltr'>pugnat,</span> <span class='ocrx_word' id='word_1_25' title='bbox 765 566 872 605; x_wconf 84' lang='lat' dir='ltr'>amare.</span> 
     </span>
     <span class='ocr_line' id='line_1_5' title="bbox 105 644 713 720; baseline -0.005 -16"><span class='ocrx_word' id='word_1_26' title='bbox 105 645 189 704; x_wconf 83' lang='lat' dir='ltr'>Bella</span> <span class='ocrx_word' id='word_1_27' title='bbox 209 650 312 720; x_wconf 69' lang='lat' dir='ltr'>gerani</span> <span class='ocrx_word' id='word_1_28' title='bbox 332 645 403 702; x_wconf 89' lang='lat' dir='ltr'>alii:</span> <span class='ocrx_word' id='word_1_29' title='bbox 424 644 605 702; x_wconf 76' lang='lat' dir='ltr'><strong>Protesilaus</strong></span> <span class='ocrx_word' id='word_1_30' title='bbox 625 649 713 703; x_wconf 82' lang='lat' dir='ltr'>amet.</span> 
     </span>
    </p>

    <p class='ocr_par' dir='ltr' id='par_1_4' title="bbox 65 736 990 912">
     <span class='ocr_line' id='line_1_6' title="bbox 65 736 990 813; baseline -0.002 -13"><span class='ocrx_word' id='word_1_31' title='bbox 65 742 156 800; x_wconf 83' lang='lat' dir='ltr'>Nuno</span> <span class='ocrx_word' id='word_1_32' title='bbox 175 740 271 798; x_wconf 74' lang='lat' dir='ltr'>fateor</span> <span class='ocrx_word' id='word_1_33' title='bbox 279 761 289 813; x_wconf 79' lang='lat'><em>3</em></span> <span class='ocrx_word' id='word_1_34' title='bbox 308 739 391 796; x_wconf 85' lang='lat' dir='ltr'>volui</span> <span class='ocrx_word' id='word_1_35' title='bbox 410 757 553 813; x_wconf 86' lang='lat' dir='ltr'>revocare,</span> <span class='ocrx_word' id='word_1_36' title='bbox 575 739 747 813; x_wconf 80' lang='lat' dir='ltr'>animusque</span> <span class='ocrx_word' id='word_1_37' title='bbox 767 736 899 796; x_wconf 78' lang='lat' dir='ltr'>ferebat:</span> <span class='ocrx_word' id='word_1_38' title='bbox 967 760 990 807; x_wconf 82' lang='lat'>8⁵</span> 
     </span>
     <span class='ocr_line' id='line_1_7' title="bbox 105 818 734 912; baseline -0.005 -17"><span class='ocrx_word' id='word_1_39' title='bbox 105 818 246 896; x_wconf 69' lang='lat' dir='ltr'>substitit</span> <span class='ocrx_word' id='word_1_40' title='bbox 266 835 389 912; x_wconf 85' lang='lat' dir='ltr'>auspicii</span> <span class='ocrx_word' id='word_1_41' title='bbox 408 835 510 910; x_wconf 85' lang='lat' dir='ltr'>lingua</span> <span class='ocrx_word' id='word_1_42' title='bbox 531 835 635 892; x_wconf 76' lang='lat' dir='ltr'>timore</span> <span class='ocrx_word' id='word_1_43' title='bbox 655 833 734 892; x_wconf 89' lang='lat' dir='ltr'>mali.</span> 
     </span>
    </p>

    <p class='ocr_par' dir='ltr' id='par_1_5' title="bbox 66 923 893 1008">
     <span class='ocr_line' id='line_1_8' title="bbox 66 923 893 1008; baseline -0.004 -17"><span class='ocrx_word' id='word_1_44' title='bbox 66 935 143 991; x_wconf 86' lang='lat' dir='ltr'>Oum</span> <span class='ocrx_word' id='word_1_45' title='bbox 162 933 274 991; x_wconf 78' lang='lat' dir='ltr'>foribus</span> <span class='ocrx_word' id='word_1_46' title='bbox 293 932 383 990; x_wconf 85' lang='lat' dir='ltr'>velles</span> <span class='ocrx_word' id='word_1_47' title='bbox 404 931 441 988; x_wconf 94' lang='lat' dir='ltr'>ad</span> <span class='ocrx_word' id='word_1_48' title='bbox 461 930 580 988; x_wconf 83' lang='lat' dir='ltr'>Troiam</span> <span class='ocrx_word' id='word_1_49' title='bbox 598 932 680 989; x_wconf 85' lang='lat' dir='ltr'>exire</span> <span class='ocrx_word' id='word_1_50' title='bbox 700 930 840 1008; x_wconf 81' lang='lat' dir='ltr'>paternis,</span> <span class='ocrx_word' id='word_1_51' title='bbox 888 923 893 934; x_wconf 83' lang='lat'>&#39;</span> 
     </span>
    </p>
   </div>
   <div class='ocr_carea' id='block_1_3' title="bbox 62 1026 992 3024">
    <p class='ocr_par' dir='ltr' id='par_1_6' title="bbox 62 1026 992 3024">
     <span class='ocr_line' id='line_1_9' title="bbox 105 1026 716 1101; baseline 0.002 -16"><span class='ocrx_word' id='word_1_52' title='bbox 105 1028 162 1085; x_wconf 82' lang='lat' dir='ltr'>Pes</span> <span class='ocrx_word' id='word_1_53' title='bbox 183 1035 252 1085; x_wconf 81' lang='lat' dir='ltr'>tuus</span> <span class='ocrx_word' id='word_1_54' title='bbox 273 1027 381 1084; x_wconf 81' lang='lat' dir='ltr'>offenso</span> <span class='ocrx_word' id='word_1_55' title='bbox 402 1026 503 1084; x_wconf 88' lang='lat' dir='ltr'>limine</span> <span class='ocrx_word' id='word_1_56' title='bbox 523 1026 607 1101; x_wconf 81' lang='lat' dir='ltr'>signa</span> <span class='ocrx_word' id='word_1_57' title='bbox 626 1027 716 1087; x_wconf 76' lang='lat' dir='ltr'>dedit.</span> 
     </span>
     <span class='ocr_line' id='line_1_10' title="bbox 65 1124 798 1201; baseline -0.003 -17"><span class='ocrx_word' id='word_1_58' title='bbox 65 1128 114 1185; x_wconf 82' lang='lat' dir='ltr'>Ut</span> <span class='ocrx_word' id='word_1_59' title='bbox 137 1126 207 1199; x_wconf 78' lang='lat' dir='ltr'>vidi,</span> <span class='ocrx_word' id='word_1_60' title='bbox 229 1125 360 1201; x_wconf 85' lang='lat' dir='ltr'>ingemui</span> <span class='ocrx_word' id='word_1_61' title='bbox 380 1125 527 1200; x_wconf 71' lang='lat' dir='ltr'>tacitoque</span> <span class='ocrx_word' id='word_1_62' title='bbox 546 1125 579 1182; x_wconf 86' lang='lat' dir='ltr'>in</span> <span class='ocrx_word' id='word_1_63' title='bbox 599 1131 714 1200; x_wconf 71' lang='lat' dir='ltr'>pectore</span> <span class='ocrx_word' id='word_1_64' title='bbox 734 1124 798 1182; x_wconf 84' lang='lat' dir='ltr'>dixi</span> 
     </span>
     <span class='ocr_line' id='line_1_11' title="bbox 106 1222 992 1299; baseline 0 -19"><span class='ocrx_word' id='word_1_65' title='bbox 106 1223 215 1299; x_wconf 81' lang='lat' dir='ltr'>‘Signa</span> <span class='ocrx_word' id='word_1_66' title='bbox 235 1223 381 1280; x_wconf 86' lang='lat' dir='ltr'>reversuri</span> <span class='ocrx_word' id='word_1_67' title='bbox 401 1224 469 1294; x_wconf 76' lang='lat' dir='ltr'>sint,</span> <span class='ocrx_word' id='word_1_68' title='bbox 490 1240 598 1298; x_wconf 84' lang='lat' dir='ltr'>precor,</span> <span class='ocrx_word' id='word_1_69' title='bbox 620 1222 678 1279; x_wconf 76' lang='lat' dir='ltr'>isla</span> <span class='ocrx_word' id='word_1_70' title='bbox 696 1222 755 1280; x_wconf 86' lang='lat' dir='ltr'>viri</span> <span class='ocrx_word' id='word_1_71' title='bbox 766 1225 785 1280; x_wconf 86' lang='lat' dir='ltr'>l’</span> <span class='ocrx_word' id='word_1_72' title='bbox 967 1251 992 1288; x_wconf 70' lang='grc' dir='ltr'><strong><em>φ</em></strong></span> 
     </span>
     <span class='ocr_line' id='line_1_12' title="bbox 65 1317 898 1390; baseline -0.001 -13"><span class='ocrx_word' id='word_1_73' title='bbox 65 1320 150 1378; x_wconf 86' lang='lat' dir='ltr'>Haeo</span> <span class='ocrx_word' id='word_1_74' title='bbox 171 1319 228 1385; x_wconf 78' lang='lat' dir='ltr'>tibi</span> <span class='ocrx_word' id='word_1_75' title='bbox 247 1338 326 1376; x_wconf 86' lang='lat' dir='ltr'>nuno</span> <span class='ocrx_word' id='word_1_76' title='bbox 346 1318 447 1390; x_wconf 86' lang='lat' dir='ltr'>refero,</span> <span class='ocrx_word' id='word_1_77' title='bbox 468 1337 506 1375; x_wconf 89' lang='lat' dir='ltr'>ne</span> <span class='ocrx_word' id='word_1_78' title='bbox 526 1317 566 1375; x_wconf 81' lang='lat' dir='ltr'>eie</span> <span class='ocrx_word' id='word_1_79' title='bbox 586 1317 732 1375; x_wconf 79' lang='lat' dir='ltr'>animosus</span> <span class='ocrx_word' id='word_1_80' title='bbox 751 1318 784 1376; x_wconf 89' lang='lat' dir='ltr'>in</span> <span class='ocrx_word' id='word_1_81' title='bbox 803 1318 898 1376; x_wconf 83' lang='lat' dir='ltr'>armia</span> 
     </span>
     <span class='ocr_line' id='line_1_13' title="bbox 105 1413 810 1473; baseline -0.001 0"><span class='ocrx_word' id='word_1_82' title='bbox 105 1417 165 1473; x_wconf 83' lang='lat' dir='ltr'>Fao</span> <span class='ocrx_word' id='word_1_83' title='bbox 185 1433 268 1472; x_wconf 85' lang='lat' dir='ltr'>meus</span> <span class='ocrx_word' id='word_1_84' title='bbox 288 1415 321 1472; x_wconf 87' lang='lat' dir='ltr'>in</span> <span class='ocrx_word' id='word_1_85' title='bbox 341 1420 449 1471; x_wconf 48' lang='lat' dir='ltr'>ventos*</span> <span class='ocrx_word' id='word_1_86' title='bbox 464 1413 512 1471; x_wconf 86' lang='lat' dir='ltr'>hio</span> <span class='ocrx_word' id='word_1_87' title='bbox 531 1413 621 1471; x_wconf 77' lang='lat' dir='ltr'>timor</span> <span class='ocrx_word' id='word_1_88' title='bbox 640 1413 734 1472; x_wconf 86' lang='lat' dir='ltr'>omnis</span> <span class='ocrx_word' id='word_1_89' title='bbox 754 1419 810 1472; x_wconf 79' lang='lat' dir='ltr'>eal.</span> 
     </span>
     <span class='ocr_line' id='line_1_14' title="bbox 64 1508 857 1587; baseline -0.001 -19"><span class='ocrx_word' id='word_1_90' title='bbox 64 1511 134 1568; x_wconf 81' lang='lat' dir='ltr'>Sors</span> <span class='ocrx_word' id='word_1_91' title='bbox 154 1529 270 1587; x_wconf 87' lang='lat' dir='ltr'>quoque</span> <span class='ocrx_word' id='word_1_92' title='bbox 290 1508 387 1566; x_wconf 83' lang='lat' dir='ltr'>nescio</span> <span class='ocrx_word' id='word_1_93' title='bbox 407 1527 494 1584; x_wconf 90' lang='lat' dir='ltr'>quem</span> <span class='ocrx_word' id='word_1_94' title='bbox 513 1509 574 1566; x_wconf 76' lang='lat' dir='ltr'>fato</span> <span class='ocrx_word' id='word_1_95' title='bbox 593 1508 728 1585; x_wconf 78' lang='lat' dir='ltr'>designat</span> <span class='ocrx_word' id='word_1_96' title='bbox 747 1509 857 1586; x_wconf 86' lang='lat' dir='ltr'>iniquo,</span> 
     </span>
     <span class='ocr_line' id='line_1_15' title="bbox 104 1604 862 1682; baseline 0.001 -20"><span class='ocrx_word' id='word_1_97' title='bbox 104 1605 165 1675; x_wconf 82' lang='lat' dir='ltr'>Qui</span> <span class='ocrx_word' id='word_1_98' title='bbox 184 1606 296 1682; x_wconf 82' lang='lat' dir='ltr'>primus</span> <span class='ocrx_word' id='word_1_99' title='bbox 316 1605 454 1662; x_wconf 89' lang='lat' dir='ltr'>Danaum</span> <span class='ocrx_word' id='word_1_100' title='bbox 475 1604 588 1662; x_wconf 78' lang='lat' dir='ltr'>Troada</span> <span class='ocrx_word' id='word_1_101' title='bbox 607 1610 711 1680; x_wconf 73' lang='lat' dir='ltr'>tangat</span> <span class='ocrx_word' id='word_1_102' title='bbox 731 1605 862 1663; x_wconf 89' lang='lat' dir='ltr'>humum.</span> 
     </span>
     <span class='ocr_line' id='line_1_16' title="bbox 64 1700 990 1778; baseline 0.003 -17"><span class='ocrx_word' id='word_1_103' title='bbox 64 1704 184 1774; x_wconf 77' lang='lat' dir='ltr'>Infelix,</span> <span class='ocrx_word' id='word_1_104' title='bbox 206 1721 281 1778; x_wconf 85' lang='lat' dir='ltr'>quaa</span> <span class='ocrx_word' id='word_1_105' title='bbox 302 1702 395 1778; x_wconf 90' lang='lat' dir='ltr'>prima</span> <span class='ocrx_word' id='word_1_106' title='bbox 414 1700 513 1758; x_wconf 87' lang='lat' dir='ltr'>virum</span> <span class='ocrx_word' id='word_1_107' title='bbox 532 1700 645 1776; x_wconf 76' lang='lat' dir='ltr'>lugebit</span> <span class='ocrx_word' id='word_1_108' title='bbox 664 1701 847 1778; x_wconf 74' lang='lat' dir='ltr'>ademptum!</span> <span class='ocrx_word' id='word_1_109' title='bbox 965 1728 990 1764; x_wconf 71' lang='lat' dir='ltr'>rs</span> 
     </span>
     <span class='ocr_line' id='line_1_17' title="bbox 105 1797 747 1867; baseline 0.002 -13"><span class='ocrx_word' id='word_1_110' title='bbox 105 1797 148 1855; x_wconf 91' lang='lat' dir='ltr'>Di</span> <span class='ocrx_word' id='word_1_111' title='bbox 166 1797 284 1867; x_wconf 76' lang='lat' dir='ltr'>faciant,</span> <span class='ocrx_word' id='word_1_112' title='bbox 305 1816 342 1853; x_wconf 89' lang='lat' dir='ltr'>ne</span> <span class='ocrx_word' id='word_1_113' title='bbox 362 1802 397 1853; x_wconf 79' lang='lat' dir='ltr'>‘ou</span> <span class='ocrx_word' id='word_1_114' title='bbox 416 1802 553 1853; x_wconf 79' lang='lat' dir='ltr'>strenuus</span> <span class='ocrx_word' id='word_1_115' title='bbox 573 1815 636 1853; x_wconf 84' lang='lat' dir='ltr'>esse</span> <span class='ocrx_word' id='word_1_116' title='bbox 655 1797 747 1855; x_wconf 81' lang='lat' dir='ltr'>velis!</span> 
     </span>
     <span class='ocr_line' id='line_1_18' title="bbox 64 1891 809 1969; baseline -0.001 -20"><span class='ocrx_word' id='word_1_117' title='bbox 64 1893 152 1949; x_wconf 80' lang='lat' dir='ltr'>Inter</span> <span class='ocrx_word' id='word_1_118' title='bbox 170 1893 250 1949; x_wconf 88' lang='lat' dir='ltr'>mille</span> <span class='ocrx_word' id='word_1_119' title='bbox 269 1897 347 1950; x_wconf 73' lang='lat' dir='ltr'>rates</span> <span class='ocrx_word' id='word_1_120' title='bbox 366 1897 420 1949; x_wconf 79' lang='lat' dir='ltr'>tua</span> <span class='ocrx_word' id='word_1_121' title='bbox 438 1892 479 1948; x_wconf 76' lang='lat' dir='ltr'>sit</span> <span class='ocrx_word' id='word_1_122' title='bbox 498 1891 674 1949; x_wconf 80' lang='lat' dir='ltr'>millensima</span> <span class='ocrx_word' id='word_1_123' title='bbox 694 1893 809 1969; x_wconf 79' lang='lat' dir='ltr'>puppis,</span> 
     </span>
     <span class='ocr_line' id='line_1_19' title="bbox 105 1987 744 2064; baseline 0.003 -19"><span class='ocrx_word' id='word_1_124' title='bbox 105 1988 228 2064; x_wconf 87' lang='lat' dir='ltr'>Iamque</span> <span class='ocrx_word' id='word_1_125' title='bbox 248 1987 385 2062; x_wconf 68' lang='lat' dir='ltr'>fatigatas</span> <span class='ocrx_word' id='word_1_126' title='bbox 405 1987 512 2045; x_wconf 78' lang='lat' dir='ltr'>ultima</span> <span class='ocrx_word' id='word_1_127' title='bbox 530 1992 628 2045; x_wconf 77' lang='lat' dir='ltr'>verset</span> <span class='ocrx_word' id='word_1_128' title='bbox 647 2007 744 2064; x_wconf 77' lang='lat' dir='ltr'>aquas,</span> 
     </span>
     <span class='ocr_line' id='line_1_20' title="bbox 64 2083 924 2161; baseline 0.001 -18"><span class='ocrx_word' id='word_1_129' title='bbox 64 2085 134 2143; x_wconf 80' lang='lat' dir='ltr'>Hoc</span> <span class='ocrx_word' id='word_1_130' title='bbox 153 2103 267 2161; x_wconf 91' lang='lat' dir='ltr'>quoque</span> <span class='ocrx_word' id='word_1_131' title='bbox 287 2103 468 2160; x_wconf 85' lang='lat' dir='ltr'>praemoneo.</span> <span class='ocrx_word' id='word_1_132' title='bbox 510 2083 546 2141; x_wconf 92' lang='lat' dir='ltr'>de</span> <span class='ocrx_word' id='word_1_133' title='bbox 566 2102 642 2142; x_wconf 83' lang='lat' dir='ltr'>navo</span> <span class='ocrx_word' id='word_1_134' title='bbox 661 2084 837 2144; x_wconf 78' lang='lat' dir='ltr'>novissimus</span> <span class='ocrx_word' id='word_1_135' title='bbox 856 2086 924 2144; x_wconf 81' lang='lat' dir='ltr'>exi:</span> 
     </span>
     <span class='ocr_line' id='line_1_21' title="bbox 104 2177 818 2256; baseline 0.004 -22"><span class='ocrx_word' id='word_1_136' title='bbox 104 2177 176 2236; x_wconf 90' lang='lat' dir='ltr'>Non</span> <span class='ocrx_word' id='word_1_137' title='bbox 195 2184 248 2250; x_wconf 79' lang='lat' dir='ltr'>eat,</span> <span class='ocrx_word' id='word_1_138' title='bbox 269 2197 327 2253; x_wconf 91' lang='lat' dir='ltr'>quo</span> <span class='ocrx_word' id='word_1_139' title='bbox 347 2196 493 2254; x_wconf 81' lang='lat' dir='ltr'>properas,</span> <span class='ocrx_word' id='word_1_140' title='bbox 513 2184 593 2236; x_wconf 74' lang='lat' dir='ltr'>tarra</span> <span class='ocrx_word' id='word_1_141' title='bbox 612 2185 735 2256; x_wconf 79' lang='lat' dir='ltr'>paterna</span> <span class='ocrx_word' id='word_1_142' title='bbox 754 2179 818 2238; x_wconf 78' lang='lat' dir='ltr'>tibi.</span> 
     </span>
     <span class='ocr_line' id='line_1_22' title="bbox 65 2273 956 2352; baseline 0.006 -21"><span class='ocrx_word' id='word_1_143' title='bbox 65 2273 141 2331; x_wconf 81' lang='lat' dir='ltr'>Oum</span> <span class='ocrx_word' id='word_1_144' title='bbox 161 2274 269 2347; x_wconf 84' lang='lat' dir='ltr'>venies,</span> <span class='ocrx_word' id='word_1_145' title='bbox 290 2293 427 2351; x_wconf 88' lang='lat' dir='ltr'>remoque</span> <span class='ocrx_word' id='word_1_146' title='bbox 446 2294 532 2334; x_wconf 85' lang='lat' dir='ltr'>move</span> <span class='ocrx_word' id='word_1_147' title='bbox 551 2275 676 2352; x_wconf 84' lang='lat' dir='ltr'>veloque</span> <span class='ocrx_word' id='word_1_148' title='bbox 696 2275 834 2351; x_wconf 78' lang='lat' dir='ltr'>carinam,</span> <span class='ocrx_word' id='word_1_149' title='bbox 939 2319 956 2348; x_wconf 19' lang='lat'>,-</span> 
     </span>
     <span class='ocr_line' id='line_1_23' title="bbox 105 2372 773 2450; baseline 0.007 -22"><span class='ocrx_word' id='word_1_150' title='bbox 105 2372 201 2446; x_wconf 90' lang='lat' dir='ltr'>Inque</span> <span class='ocrx_word' id='word_1_151' title='bbox 220 2378 273 2429; x_wconf 74' lang='lat' dir='ltr'>tuo</span> <span class='ocrx_word' id='word_1_152' title='bbox 293 2372 414 2429; x_wconf 87' lang='lat' dir='ltr'>celerem</span> <span class='ocrx_word' id='word_1_153' title='bbox 434 2372 520 2431; x_wconf 84' lang='lat' dir='ltr'>litore</span> <span class='ocrx_word' id='word_1_154' title='bbox 539 2373 610 2431; x_wconf 72' lang='lat' dir='ltr'>sista</span> <span class='ocrx_word' id='word_1_155' title='bbox 629 2374 773 2450; x_wconf 75' lang='lat' dir='ltr'>gradum!</span> 
     </span>
     <span class='ocr_line' id='line_1_24' title="bbox 64 2466 806 2545; baseline 0.007 -21"><span class='ocrx_word' id='word_1_156' title='bbox 64 2467 134 2525; x_wconf 86' lang='lat' dir='ltr'>Sive</span> <span class='ocrx_word' id='word_1_157' title='bbox 154 2466 226 2525; x_wconf 75' lang='lat' dir='ltr'>latet</span> <span class='ocrx_word' id='word_1_158' title='bbox 247 2467 390 2538; x_wconf 85' lang='lat' dir='ltr'>Phoebus,</span> <span class='ocrx_word' id='word_1_159' title='bbox 412 2487 464 2526; x_wconf 84' lang='lat' dir='ltr'>seu</span> <span class='ocrx_word' id='word_1_160' title='bbox 483 2469 570 2527; x_wconf 78' lang='lat' dir='ltr'>terris</span> <span class='ocrx_word' id='word_1_161' title='bbox 589 2470 678 2528; x_wconf 78' lang='lat' dir='ltr'>altior</span> <span class='ocrx_word' id='word_1_162' title='bbox 699 2477 806 2545; x_wconf 77' lang='lat' dir='ltr'>exstat,</span> 
     </span>
     <span class='ocr_line' id='line_1_25' title="bbox 104 2561 802 2635; baseline 0.01 -18"><span class='ocrx_word' id='word_1_163' title='bbox 104 2561 150 2618; x_wconf 82' lang='lat' dir='ltr'>Tu</span> <span class='ocrx_word' id='word_1_164' title='bbox 169 2561 243 2618; x_wconf 90' lang='lat' dir='ltr'>mihi</span> <span class='ocrx_word' id='word_1_165' title='bbox 262 2562 326 2619; x_wconf 86' lang='lat' dir='ltr'>luce</span> <span class='ocrx_word' id='word_1_166' title='bbox 345 2562 436 2635; x_wconf 91' lang='lat' dir='ltr'>dolor,</span> <span class='ocrx_word' id='word_1_167' title='bbox 457 2569 493 2620; x_wconf 77' lang='lat' dir='ltr'>tu</span> <span class='ocrx_word' id='word_1_168' title='bbox 511 2564 585 2621; x_wconf 85' lang='lat' dir='ltr'>mihi</span> <span class='ocrx_word' id='word_1_169' title='bbox 605 2571 691 2624; x_wconf 82' lang='lat' dir='ltr'>nocte</span> <span class='ocrx_word' id='word_1_170' title='bbox 710 2566 802 2624; x_wconf 85' lang='lat' dir='ltr'>venis.</span> 
     </span>
     <span class='ocr_line' id='line_1_26' title="bbox 62 2656 795 2732; baseline 0.012 -19"><span class='ocrx_word' id='word_1_171' title='bbox 62 2656 206 2732; x_wconf 84' lang='lat' dir='ltr'>Aucupor</span> <span class='ocrx_word' id='word_1_172' title='bbox 224 2657 258 2713; x_wconf 86' lang='lat' dir='ltr'>in</span> <span class='ocrx_word' id='word_1_173' title='bbox 277 2657 351 2714; x_wconf 79' lang='lat' dir='ltr'>lecto</span> <span class='ocrx_word' id='word_1_174' title='bbox 370 2659 523 2718; x_wconf 80' lang='lat' dir='ltr'>mendaces</span> <span class='ocrx_word' id='word_1_175' title='bbox 542 2660 651 2720; x_wconf 83' lang='lat' dir='ltr'>oaeh&#39;be</span> <span class='ocrx_word' id='word_1_176' title='bbox 670 2680 795 2722; x_wconf 76' lang='lat' dir='ltr'>somnos.</span> 
     </span>
     <span class='ocr_line' id='line_1_27' title="bbox 105 2751 744 2830; baseline 0.014 -23"><span class='ocrx_word' id='word_1_177' title='bbox 105 2751 192 2824; x_wconf 26' lang='lat' dir='ltr'>Dum·</span> <span class='ocrx_word' id='word_1_178' title='bbox 206 2771 288 2810; x_wconf 85' lang='lat' dir='ltr'>careo</span> <span class='ocrx_word' id='word_1_179' title='bbox 308 2755 393 2826; x_wconf 81' lang='lat' dir='ltr'>veria,</span> <span class='ocrx_word' id='word_1_180' title='bbox 414 2755 520 2830; x_wconf 86' lang='lat' dir='ltr'>gaudia</span> <span class='ocrx_word' id='word_1_181' title='bbox 538 2755 614 2814; x_wconf 80' lang='lat' dir='ltr'>falae</span> <span class='ocrx_word' id='word_1_182' title='bbox 632 2757 744 2815; x_wconf 65' lang='lat' dir='ltr'>iurand</span> 
     </span>
     <span class='ocr_line' id='line_1_28' title="bbox 63 2847 783 2928; baseline 0.007 -23"><span class='ocrx_word' id='word_1_183' title='bbox 63 2847 123 2905; x_wconf 80' lang='lat' dir='ltr'>Sed</span> <span class='ocrx_word' id='word_1_184' title='bbox 142 2853 196 2905; x_wconf 76' lang='lat' dir='ltr'>tua</span> <span class='ocrx_word' id='word_1_185' title='bbox 216 2868 268 2905; x_wconf 88' lang='lat' dir='ltr'>our</span> <span class='ocrx_word' id='word_1_186' title='bbox 287 2848 372 2907; x_wconf 80' lang='lat' dir='ltr'>nobie</span> <span class='ocrx_word' id='word_1_187' title='bbox 391 2851 504 2925; x_wconf 77' lang='lat' dir='ltr'>pallene</span> <span class='ocrx_word' id='word_1_188' title='bbox 523 2853 649 2910; x_wconf 71' lang='lat' dir='ltr'>occurrit</span> <span class='ocrx_word' id='word_1_189' title='bbox 668 2853 783 2928; x_wconf 83' lang='lat' dir='ltr'>imagol</span> 
     </span>
     <span class='ocr_line' id='line_1_29' title="bbox 104 2941 871 3024; baseline 0.01 -25"><span class='ocrx_word' id='word_1_190' title='bbox 104 2941 166 3000; x_wconf 85' lang='lat' dir='ltr'>Our</span> <span class='ocrx_word' id='word_1_191' title='bbox 184 2944 267 3000; x_wconf 79' lang='lat' dir='ltr'>venit</span> <span class='ocrx_word' id='word_1_192' title='bbox 286 2944 341 3002; x_wconf 87' lang='lat' dir='ltr'>ah!</span> <span class='ocrx_word' id='word_1_193' title='bbox 362 2946 459 3004; x_wconf 74' lang='lat' dir='ltr'>verbio</span> <span class='ocrx_word' id='word_1_194' title='bbox 477 2947 573 3011; x_wconf 76' lang='lat' dir='ltr'>multa</span> <span class='ocrx_word' id='word_1_195' title='bbox 592 2946 723 3024; x_wconf 85' lang='lat' dir='ltr'>querella</span> <span class='ocrx_word' id='word_1_196' title='bbox 742 2948 871 3007; x_wconf 78' lang='lat' dir='ltr'>tuial</span> 
     </span>
    </p>
   </div>
   <div class='ocr_carea' id='block_1_4' title="bbox 22 3053 1051 3308">
    <p class='ocr_par' dir='ltr' id='par_1_7' title="bbox 22 3053 950 3120">
     <span class='ocr_line' id='line_1_30' title="bbox 22 3053 950 3120; baseline 0.008 -18"><span class='ocrx_word' id='word_1_197' title='bbox 22 3110 27 3117; x_wconf 44' lang='grc'><em>,</em></span> <span class='ocrx_word' id='word_1_198' title='bbox 111 3055 143 3102; x_wconf 86' lang='grc'>83</span> <span class='ocrx_word' id='word_1_199' title='bbox 160 3053 194 3104; x_wconf 75' lang='lat' dir='ltr'>eV</span> <span class='ocrx_word' id='word_1_200' title='bbox 208 3058 252 3116; x_wconf 80' lang='lat' dir='ltr'>qai</span> <span class='ocrx_word' id='word_1_201' title='bbox 264 3062 464 3117; x_wconf 78' lang='lat' dir='ltr'>papaatamore.</span> <span class='ocrx_word' id='word_1_202' title='bbox 527 3057 696 3108; x_wconf 81' lang='lat' dir='ltr'>88Vlr‘mite.</span> <span class='ocrx_word' id='word_1_203' title='bbox 764 3058 918 3120; x_wconf 61' lang='lat' dir='ltr'>942va</span> <span class='ocrx_word' id='word_1_204' title='bbox 919 3067 950 3109; x_wconf 83' lang='lat' dir='ltr'>et.</span> 
     </span>
    </p>

    <p class='ocr_par' dir='ltr' id='par_1_8' title="bbox 62 3070 1051 3308">
     <span class='ocr_line' id='line_1_31' title="bbox 64 3070 950 3182; baseline 0.007 -15"><span class='ocrx_word' id='word_1_205' title='bbox 64 3119 113 3168; x_wconf 97' lang='grc'>100</span> <span class='ocrx_word' id='word_1_206' title='bbox 130 3118 182 3167; x_wconf 85' lang='lat' dir='ltr'>VM</span> <span class='ocrx_word' id='word_1_207' title='bbox 199 3134 323 3181; x_wconf 79' lang='lat' dir='ltr'>properea</span> <span class='ocrx_word' id='word_1_208' title='bbox 264 3070 439 3170; x_wconf 61' lang='lat' dir='ltr'>WMadv</span> <span class='ocrx_word' id='word_1_209' title='bbox 458 3134 585 3182; x_wconf 76' lang='lat' dir='ltr'>properea</span> <span class='ocrx_word' id='word_1_210' title='bbox 650 3123 698 3170; x_wconf 92' lang='grc'>110</span> <span class='ocrx_word' id='word_1_211' title='bbox 717 3120 758 3173; x_wconf 79' lang='lat' dir='ltr'>sio</span> <span class='ocrx_word' id='word_1_212' title='bbox 777 3122 860 3174; x_wconf 84' lang='lat' dir='ltr'>Madv.</span> <span class='ocrx_word' id='word_1_213' title='bbox 880 3124 950 3174; x_wconf 68' lang='grc' dir='ltr'>ΝΜ</span> 
     </span>
     <span class='ocr_line' id='line_1_32' title="bbox 62 3183 1051 3294; baseline 0.007 -62"><span class='ocrx_word' id='word_1_214' title='bbox 62 3185 219 3235; x_wconf 79' lang='lat' dir='ltr'>roraenito</span> <span class='ocrx_word' id='word_1_215' title='bbox 229 3186 318 3232; x_wconf 72' lang='lat' dir='ltr'>verbis.</span> <span class='ocrx_word' id='word_1_216' title='bbox 350 3183 523 3235; x_wconf 78' lang='lat' dir='ltr'>Paooroenit</span> <span class='ocrx_word' id='word_1_217' title='bbox 538 3200 555 3234; x_wconf 84' lang='lat' dir='ltr'>a</span> <span class='ocrx_word' id='word_1_218' title='bbox 568 3186 648 3235; x_wconf 59' lang='lat' dir='ltr'>verbo</span> <span class='ocrx_word' id='word_1_219' title='bbox 662 3192 731 3236; x_wconf 79' lang='lat' dir='ltr'>muta</span> <span class='ocrx_word' id='word_1_220' title='bbox 746 3189 856 3294; x_wconf 73' lang='lat' dir='ltr'>puerello</span> <span class='ocrx_word' id='word_1_221' title='bbox 871 3188 957 3238; x_wconf 76' lang='lat' dir='ltr'>lotam</span> <span class='ocrx_word' id='word_1_222' title='bbox 1050 3213 1051 3217; x_wconf 58' lang='lat'><em>=</em></span> 
     </span>
     <span class='ocr_line' id='line_1_33' title="bbox 63 3260 534 3308; baseline 0.004 -13"><span class='ocrx_word' id='word_1_223' title='bbox 63 3246 222 3308; x_wconf 84' lang='lat' dir='ltr'>quemeequi</span> <span class='ocrx_word' id='word_1_224' title='bbox 232 3261 450 3299; x_wconf 81' lang='lat' dir='ltr'>nonaueuaaum.</span> <span class='ocrx_word' id='word_1_225' title='bbox 531 3281 534 3289; x_wconf 81' lang='lat'><em>-</em></span> 
     </span>
    </p>
   </div>
   <div class='ocr_carea' id='block_1_5' title="bbox 0 0 1066 3676">
    <p class='ocr_par' dir='ltr' id='par_1_9' title="bbox 0 0 1066 3676">
     <span class='ocr_line' id='line_1_34' title="bbox 0 0 1066 3676; baseline 0 0"><span class='ocrx_word' id='word_1_226' title='bbox 0 0 1066 3676; x_wconf 95' lang='lat' dir='ltr'> </span> 
     </span>
    </p>
   </div>
  </div>
 </body>
</html>
