2122 3676
305 223 383 285 XII.
406 225 552 284 Munna
581 225 735 287 IASONI.
925 229 962 288 69

76 353 149 412 Tam
169 353 227 412 tibi
246 374 310 412 sum
330 357 462 432 supplex,
483 376 571 433 quam
591 363 625 414 tu
645 357 719 414 mihi
739 377 823 434 saepe
843 359 942 418 fuisti:
978 378 1013 427 185

116 449 182 508 Nee
201 469 298 509 moror
317 459 385 510 ante
405 460 472 511 tuos
492 454 677 529 procubuisse
697 456 791 531 pedes.

79 545 111 604 si
131 545 188 603 tibi
207 565 271 605 sum
291 548 368 621 vilis,
390 549 551 606 communis
571 551 679 626 respice
698 559 803 609 natos:

118 642 237 702 Saeviet
256 643 288 702 in
308 651 410 721 partus
431 645 496 703 dira
515 665 640 704 noverea
659 667 745 707 meos.

77 740 119 799 Et
137 741 264 799 nimium
282 741 391 799 similes
411 742 469 799 tibi
487 749 564 816 sunt,
587 749 618 800 et
636 744 763 818 imagine
783 751 893 822 tangor,

116 837 158 896 Et
177 839 313 915 quotiens
332 839 427 911 video,
448 839 560 896 lumina
580 846 681 897 nostra
701 841 827 902 madent.
977 869 1013 905 190

77 931 136 990 Per
156 951 275 1009 superos
295 952 354 1006 oro,
375 953 427 1009 per
446 935 544 992 avitae
564 933 677 991 lumina
695 934 837 1008 flammae,

115 1029 175 1086 Per
194 1029 332 1087 meritum
351 1035 383 1087 et
402 1035 486 1086 natos
494 1049 504 1102 ;
524 1029 647 1106 pignora
666 1037 774 1104 nostra,
797 1031 887 1090 duos:

75 1125 179 1184 Redde
199 1131 305 1198 torum,
326 1145 380 1202 pro
399 1145 457 1201 quo
477 1132 523 1183 tot
542 1146 589 1184 res
608 1126 712 1183 insana
732 1128 855 1203 reliqui:

114 1221 203 1280 Adde
222 1221 308 1279 fidem
329 1221 422 1295 dietiS,
445 1222 648 1298 auxiliumque
667 1224 750 1281 refer

77 1317 150 1375 Non
170 1335 223 1394 ego
242 1322 273 1375 te
293 1318 416 1392 imploro
437 1324 539 1374 eontra
558 1323 716 1394 taurosque
735 1318 879 1396 virosque,
975 1345 1010 1383 19⁵

114 1413 219 1490 thue
238 1419 292 1471 tua
311 1408 530 1488 serpensvieta
550 1416 679 1491 quiescat
699 1435 760 1492 ope.

73 1512 115 1570 Te
135 1518 213 1588 peto,
235 1529 323 1588 quem
343 1511 445 1583 merui,
468 1530 554 1588 quem
575 1513 661 1570 nobis
680 1513 742 1588 ipse
764 1513 879 1586 dedisti,

114 1608 189 1666 Cum
210 1627 269 1684 quo
289 1627 354 1665 sum
374 1608 486 1683 pariter
504 1608 582 1665 faeta
601 1615 722 1684 parente
742 1628 854 1685 parens

74 1707 137 1764 Dos
156 1706 275 1776 ubisit,
296 1706 430 1783 quaeris?
451 1725 552 1782 eampo
572 1707 789 1765 numeravimus
809 1707 869 1778 illo,
956 1755 960 1761 .
1008 1784 1012 1791 ἱ

114 1801 174 1871 Qui
193 1801 250 1859 tibi
269 1801 365 1859 laturo
386 1801 480 1859 vellus
501 1803 628 1860 arandus
648 1810 717 1862 erat.

71 1897 193 1955 Aureus
212 1897 262 1956 ille
282 1899 357 1956 aries
374 1898 448 1956 villo
468 1899 634 1974 spectabilis
654 1919 749 1972 auree,

113 1990 175 2048 Dos
195 2011 277 2049 mea:
298 2010 385 2066 quam
405 1992 500 2050 dieam
520 1993 546 2049 si
565 1993 621 2050 tibi
644 1994 760 2065 ‘redde’
780 2012 875 2069 neges.

73 2088 137 2146 Dos
156 2108 222 2146 mea
241 2095 277 2146 tu
297 2108 401 2165 sospes.
443 2090 495 2146 dns
516 2096 561 2147 est
580 2109 645 2147 mea
665 2090 755 2148 Graia
774 2090 930 2150 iuventus:

112 2183 130 2241 I
151 2203 237 2255 nunc,
261 2183 419 2260 Sisyphus,
440 2183 580 2260 improbe,
602 2184 701 2241 confer
721 2203 796 2260 opes.

71 2277 158 2347 Quod
171 2278 257 2350 vivis,
272 2279 350 2354 quod
363 2278 453 2336 hebes
467 2285 591 2356 nuptam
604 2299 792 2358 socerumque
806 2281 942 2358 petentis,
971 2308 1007 2344 205

111 2375 178 2432 Hoe
198 2375 302 2452 ipsum,
316 2375 449 2452 ingratus
468 2377 546 2454 quod
565 2375 647 2453 potes
667 2396 737 2451 esse,
752 2396 851 2436 meum
871 2385 923 2437 est

70 2473 151 2544 Quos
164 2472 300 2549 equidem
312 2477 482 2531 actutum...
499 2473 556 2530 Sed
570 2473 641 2550 quid
655 2473 819 2549 praedicere
832 2494 954 2552 poenam

110 2570 255 2649 Attinetl
276 2570 405 2648 ingentis
424 2571 554 2648 parturit
573 2571 618 2627 ira
637 2571 741 2630 minas.

69 2666 136 2737 Quo
156 2667 231 2724 feret
249 2667 302 2740 ira,
324 2687 436 2743 sequar.
477 2668 549 2725 faeti
569 2666 691 2725 fortasse
710 2666 830 2743 pigebit.

109 2762 149 2820 Et
169 2763 251 2840 piget
270 2763 362 2821 infido
382 2763 562 2837 censuluisse
582 2763 654 2820 viro.
703 2768 709 2780 '
969 2789 1006 2818 ,ιο

68 2859 188 2916 Viderit
207 2859 265 2916 ista
285 2860 364 2930 deus,
387 2858 438 2934 qui
457 2878 537 2915 nune
557 2877 622 2914 mea
641 2871 759 2933 peotora
778 2863 884 2917 versat.

108 2954 215 3013 Nescio
236 2953 307 3031 quid
327 2961 405 3012 certe
424 2973 507 3012 mens
527 2971 591 3010 mea
610 2952 704 3009 maius
724 2951 793 3027 agit.

115 3131 162 3181 185
173 3130 207 3181 Ν
216 3132 376 3194 nam...qaod.
412 3146 484 3181 eom.
495 3146 556 3181 sam.
623 3131 834 3192 lalequinouu.
905 3133 953 3184 205

66 3213 78 3243 ε
85 3201 193 3259 potente.
259 3197 305 3247 207
317 3214 329 3245 ε
341 3211 399 3258 quoa
410 3197 521 3260 equidem
526 3197 639 3260 perdam.
704 3197 750 3245 208
763 3213 773 3244 ε
784 3198 899 3246 eontinet.
