<?xml version="1.0" encoding="UTF-8"?>
<!DOCTYPE html PUBLIC "-//W3C//DTD XHTML 1.0 Transitional//EN"
    "http://www.w3.org/TR/xhtml1/DTD/xhtml1-transitional.dtd">
<html xmlns="http://www.w3.org/1999/xhtml" xml:lang="en" lang="en">
 <head>
  <title>
</title>
<meta http-equiv="Content-Type" content="text/html;charset=utf-8" />
  <meta name='ocr-system' content='tesseract 3.04.00' />
  <meta name='ocr-capabilities' content='ocr_page ocr_carea ocr_par ocr_line ocrx_word'/>
</head>
<body>
  <div class='ocr_page' id='page_1' title='image "./heroidumepistul00shucgoog_0104.png"; bbox 0 0 2122 3676; ppageno 0'>
   <div class='ocr_carea' id='block_1_1' title="bbox 285 177 720 244">
    <p class='ocr_par' dir='ltr' id='par_1_1' title="bbox 285 177 720 244">
     <span class='ocr_line' id='line_1_1' title="bbox 285 177 720 244; baseline 0.002 -2"><span class='ocrx_word' id='word_1_1' title='bbox 285 177 374 243; x_wconf 59' lang='grc' dir='ltr'><strong>ΧΠ.</strong></span> <span class='ocrx_word' id='word_1_2' title='bbox 390 183 538 241; x_wconf 73' lang='lat' dir='ltr'><strong>Munna</strong></span> <span class='ocrx_word' id='word_1_3' title='bbox 567 183 720 244; x_wconf 81' lang='lat' dir='ltr'><em>IASONI.</em></span> 
     </span>
    </p>
   </div>
   <div class='ocr_carea' id='block_1_2' title="bbox 52 307 1023 2885">
    <p class='ocr_par' dir='ltr' id='par_1_2' title="bbox 52 307 1023 2885">
     <span class='ocr_line' id='line_1_2' title="bbox 56 307 890 385; baseline -0.004 -14"><span class='ocrx_word' id='word_1_4' title='bbox 56 307 143 384; x_wconf 79' lang='lat' dir='ltr'><strong>Quod</strong></span> <span class='ocrx_word' id='word_1_5' title='bbox 164 311 191 369; x_wconf 90' lang='lat' dir='ltr'><strong>si</strong></span> <span class='ocrx_word' id='word_1_6' title='bbox 212 310 288 369; x_wconf 76' lang='lat' dir='ltr'><strong>forte</strong></span> <span class='ocrx_word' id='word_1_7' title='bbox 314 311 410 367; x_wconf 88' lang='lat' dir='ltr'><strong>virum</strong></span> <span class='ocrx_word' id='word_1_8' title='bbox 432 329 492 368; x_wconf 93' lang='lat' dir='ltr'><strong>non</strong></span> <span class='ocrx_word' id='word_1_9' title='bbox 513 309 669 384; x_wconf 81' lang='lat' dir='ltr'><strong>dedignare</strong></span> <span class='ocrx_word' id='word_1_10' title='bbox 691 308 890 385; x_wconf 70' lang='lat' dir='ltr'><strong>Pelasgum...</strong></span> 
     </span>
     <span class='ocr_line' id='line_1_3' title="bbox 95 406 984 484; baseline -0.004 -17"><span class='ocrx_word' id='word_1_11' title='bbox 95 409 155 467; x_wconf 83' lang='lat' dir='ltr'><strong>Sed</strong></span> <span class='ocrx_word' id='word_1_12' title='bbox 177 407 252 464; x_wconf 89' lang='lat' dir='ltr'><strong>mihi</strong></span> <span class='ocrx_word' id='word_1_13' title='bbox 274 413 335 463; x_wconf 92' lang='lat' dir='ltr'><strong>tam</strong></span> <span class='ocrx_word' id='word_1_14' title='bbox 356 406 455 462; x_wconf 81' lang='lat' dir='ltr'><strong>faciles</strong></span> <span class='ocrx_word' id='word_1_15' title='bbox 477 406 555 463; x_wconf 85' lang='lat' dir='ltr'><strong>unde</strong></span> <span class='ocrx_word' id='word_1_16' title='bbox 576 424 712 482; x_wconf 90' lang='lat' dir='ltr'><strong>meosque</strong></span> <span class='ocrx_word' id='word_1_17' title='bbox 729 406 856 465; x_wconf 82' lang='lat' dir='ltr'><strong>deosl...</strong></span> <span class='ocrx_word' id='word_1_18' title='bbox 960 437 984 484; x_wconf 76' lang='lat'><strong>³5</strong></span> 
     </span>
     <span class='ocr_line' id='line_1_4' title="bbox 55 503 818 583; baseline -0.007 -19"><span class='ocrx_word' id='word_1_19' title='bbox 55 506 185 583; x_wconf 75' lang='lat' dir='ltr'><strong>Spiritus</strong></span> <span class='ocrx_word' id='word_1_20' title='bbox 204 509 273 561; x_wconf 91' lang='lat' dir='ltr'><strong>ante</strong></span> <span class='ocrx_word' id='word_1_21' title='bbox 292 522 375 560; x_wconf 86' lang='lat' dir='ltr'><strong>meus</strong></span> <span class='ocrx_word' id='word_1_22' title='bbox 394 509 497 560; x_wconf 90' lang='lat' dir='ltr'><strong>tenues</strong></span> <span class='ocrx_word' id='word_1_23' title='bbox 516 503 704 559; x_wconf 61' lang='lat' dir='ltr'><strong>vanescat‘in</strong></span> <span class='ocrx_word' id='word_1_24' title='bbox 724 522 818 574; x_wconf 84' lang='lat' dir='ltr'><strong>auras,</strong></span> 
     </span>
     <span class='ocr_line' id='line_1_5' title="bbox 96 599 865 675; baseline -0.001 -17"><span class='ocrx_word' id='word_1_25' title='bbox 96 602 192 672; x_wconf 82' lang='lat' dir='ltr'><strong>Quam</strong></span> <span class='ocrx_word' id='word_1_26' title='bbox 218 600 356 672; x_wconf 90' lang='lat' dir='ltr'><strong>thalamo,</strong></span> <span class='ocrx_word' id='word_1_27' title='bbox 378 599 438 657; x_wconf 87' lang='lat' dir='ltr'><strong>nisi</strong></span> <span class='ocrx_word' id='word_1_28' title='bbox 458 604 501 671; x_wconf 90' lang='lat' dir='ltr'><strong>tu,</strong></span> <span class='ocrx_word' id='word_1_29' title='bbox 524 605 618 675; x_wconf 90' lang='lat' dir='ltr'><strong>nupta</strong></span> <span class='ocrx_word' id='word_1_30' title='bbox 640 599 680 656; x_wconf 91' lang='lat' dir='ltr'><strong>sit</strong></span> <span class='ocrx_word' id='word_1_31' title='bbox 701 599 762 657; x_wconf 91' lang='lat' dir='ltr'><strong>ulla</strong></span> <span class='ocrx_word' id='word_1_32' title='bbox 781 618 865 658; x_wconf 89' lang='lat' dir='ltr'><strong>meo:</strong></span> 
     </span>
     <span class='ocr_line' id='line_1_6' title="bbox 55 693 759 769; baseline -0.006 -15"><span class='ocrx_word' id='word_1_33' title='bbox 55 696 179 754; x_wconf 75' lang='lat' dir='ltr'><strong>Conscia</strong></span> <span class='ocrx_word' id='word_1_34' title='bbox 198 697 238 752; x_wconf 89' lang='lat' dir='ltr'><strong>sit</strong></span> <span class='ocrx_word' id='word_1_35' title='bbox 257 694 343 766; x_wconf 88' lang='lat' dir='ltr'><strong>Iunc,</strong></span> <span class='ocrx_word' id='word_1_36' title='bbox 365 694 453 751; x_wconf 87' lang='lat' dir='ltr'><strong>sacris</strong></span> <span class='ocrx_word' id='word_1_37' title='bbox 473 693 618 769; x_wconf 88' lang='lat' dir='ltr'><strong>praefecta</strong></span> <span class='ocrx_word' id='word_1_38' title='bbox 637 693 759 765; x_wconf 88' lang='lat' dir='ltr'><strong>maritis,</strong></span> 
     </span>
     <span class='ocr_line' id='line_1_7' title="bbox 97 790 800 864; baseline -0.003 -14"><span class='ocrx_word' id='word_1_39' title='bbox 97 792 138 850; x_wconf 90' lang='lat' dir='ltr'><strong>Et</strong></span> <span class='ocrx_word' id='word_1_40' title='bbox 160 793 223 864; x_wconf 87' lang='lat' dir='ltr'><strong>dea,</strong></span> <span class='ocrx_word' id='word_1_41' title='bbox 244 809 405 848; x_wconf 89' lang='lat' dir='ltr'><strong>marmorea</strong></span> <span class='ocrx_word' id='word_1_42' title='bbox 425 791 507 848; x_wconf 88' lang='lat' dir='ltr'><strong>cuius</strong></span> <span class='ocrx_word' id='word_1_43' title='bbox 527 790 560 846; x_wconf 92' lang='lat' dir='ltr'><strong>in</strong></span> <span class='ocrx_word' id='word_1_44' title='bbox 580 790 649 847; x_wconf 85' lang='lat' dir='ltr'><strong>aede</strong></span> <span class='ocrx_word' id='word_1_45' title='bbox 670 791 800 848; x_wconf 83' lang='lat' dir='ltr'><strong>sumusl&#39;</strong></span> 
     </span>
     <span class='ocr_line' id='line_1_8' title="bbox 57 885 945 964; baseline -0.001 -17"><span class='ocrx_word' id='word_1_46' title='bbox 57 889 140 947; x_wconf 86' lang='lat' dir='ltr'><strong>Haec</strong></span> <span class='ocrx_word' id='word_1_47' title='bbox 160 888 327 946; x_wconf 84' lang='lat' dir='ltr'><strong>animum...</strong></span> <span class='ocrx_word' id='word_1_48' title='bbox 345 895 375 946; x_wconf 90' lang='lat' dir='ltr'><strong>et</strong></span> <span class='ocrx_word' id='word_1_49' title='bbox 395 893 485 964; x_wconf 80' lang='lat' dir='ltr'><strong>quota</strong></span> <span class='ocrx_word' id='word_1_50' title='bbox 503 906 571 964; x_wconf 84' lang='lat' dir='ltr'><strong>pars</strong></span> <span class='ocrx_word' id='word_1_51' title='bbox 590 888 661 946; x_wconf 87' lang='lat' dir='ltr'><strong>haec</strong></span> <span class='ocrx_word' id='word_1_52' title='bbox 682 889 805 947; x_wconf 86' lang='lat' dir='ltr'><strong>suntl...</strong></span> <span class='ocrx_word' id='word_1_53' title='bbox 830 885 945 947; x_wconf 83' lang='lat' dir='ltr'><strong>movere</strong></span> 
     </span>
     <span class='ocr_line' id='line_1_9' title="bbox 135 985 984 1060; baseline 0.001 -20"><span class='ocrx_word' id='word_1_54' title='bbox 135 985 249 1060; x_wconf 87' lang='lat' dir='ltr'><strong>puellae</strong></span> <span class='ocrx_word' id='word_1_55' title='bbox 835 1012 836 1016; x_wconf 40' lang='lat'>¹</span> <span class='ocrx_word' id='word_1_56' title='bbox 958 1018 984 1055; x_wconf 83' lang='lat'><strong>90</strong></span> 
     </span>
     <span class='ocr_line' id='line_1_10' title="bbox 95 1060 1023 1157; baseline 0 -19"><span class='ocrx_word' id='word_1_57' title='bbox 95 1080 250 1157; x_wconf 87' lang='lat' dir='ltr'><strong>Simplicis,</strong></span> <span class='ocrx_word' id='word_1_58' title='bbox 275 1086 307 1137; x_wconf 90' lang='lat' dir='ltr'><strong>et</strong></span> <span class='ocrx_word' id='word_1_59' title='bbox 329 1081 449 1138; x_wconf 84' lang='lat' dir='ltr'><strong>dextrae</strong></span> <span class='ocrx_word' id='word_1_60' title='bbox 471 1081 591 1138; x_wconf 85' lang='lat' dir='ltr'><strong>dextera</strong></span> <span class='ocrx_word' id='word_1_61' title='bbox 614 1081 714 1138; x_wconf 87' lang='lat' dir='ltr'><strong>iuncta</strong></span> <span class='ocrx_word' id='word_1_62' title='bbox 736 1100 823 1141; x_wconf 88' lang='lat' dir='ltr'><strong>meae.</strong></span> <span class='ocrx_word' id='word_1_63' title='bbox 1015 1060 1023 1074; x_wconf 81' lang='lat'>.</span> 
     </span>
     <span class='ocr_line' id='line_1_11' title="bbox 52 1175 910 1252; baseline 0 -19"><span class='ocrx_word' id='word_1_64' title='bbox 52 1176 131 1233; x_wconf 91' lang='lat' dir='ltr'><strong>Vidi</strong></span> <span class='ocrx_word' id='word_1_65' title='bbox 150 1177 238 1233; x_wconf 89' lang='lat' dir='ltr'><strong>etiam</strong></span> <span class='ocrx_word' id='word_1_66' title='bbox 258 1175 398 1234; x_wconf 76' lang='lat' dir='ltr'><strong>lacrimas.</strong></span> <span class='ocrx_word' id='word_1_67' title='bbox 439 1196 479 1232; x_wconf 89' lang='lat' dir='ltr'><strong>an</strong></span> <span class='ocrx_word' id='word_1_68' title='bbox 498 1195 566 1252; x_wconf 87' lang='lat' dir='ltr'><strong>pars</strong></span> <span class='ocrx_word' id='word_1_69' title='bbox 585 1182 629 1234; x_wconf 90' lang='lat' dir='ltr'><strong>est</strong></span> <span class='ocrx_word' id='word_1_70' title='bbox 649 1177 767 1234; x_wconf 62' lang='lat' dir='ltr'><strong>fraudis*</strong></span> <span class='ocrx_word' id='word_1_71' title='bbox 779 1177 812 1233; x_wconf 92' lang='lat' dir='ltr'><strong>in</strong></span> <span class='ocrx_word' id='word_1_72' title='bbox 831 1176 910 1233; x_wconf 84' lang='lat' dir='ltr'><strong>illisl</strong></span> 
     </span>
     <span class='ocr_line' id='line_1_12' title="bbox 95 1272 732 1349; baseline 0 -19"><span class='ocrx_word' id='word_1_73' title='bbox 95 1273 144 1330; x_wconf 83' lang='lat' dir='ltr'><strong>Sic</strong></span> <span class='ocrx_word' id='word_1_74' title='bbox 164 1272 223 1331; x_wconf 91' lang='lat' dir='ltr'><strong>cito</strong></span> <span class='ocrx_word' id='word_1_75' title='bbox 242 1292 307 1329; x_wconf 90' lang='lat' dir='ltr'><strong>sum</strong></span> <span class='ocrx_word' id='word_1_76' title='bbox 327 1273 424 1330; x_wconf 78' lang='lat' dir='ltr'><strong>verbis</strong></span> <span class='ocrx_word' id='word_1_77' title='bbox 443 1284 527 1349; x_wconf 85' lang='lat' dir='ltr'><strong>capta</strong></span> <span class='ocrx_word' id='word_1_78' title='bbox 547 1274 644 1349; x_wconf 88' lang='lat' dir='ltr'><strong>puella</strong></span> <span class='ocrx_word' id='word_1_79' title='bbox 664 1273 732 1331; x_wconf 80' lang='lat' dir='ltr'><strong>tuis</strong></span> 
     </span>
     <span class='ocr_line' id='line_1_13' title="bbox 52 1368 789 1446; baseline 0.003 -22"><span class='ocrx_word' id='word_1_80' title='bbox 52 1368 160 1443; x_wconf 78' lang='lat' dir='ltr'><strong>Iungis</strong></span> <span class='ocrx_word' id='word_1_81' title='bbox 179 1374 210 1425; x_wconf 89' lang='lat' dir='ltr'><strong>et</strong></span> <span class='ocrx_word' id='word_1_82' title='bbox 229 1369 377 1443; x_wconf 86' lang='lat' dir='ltr'><strong>aeripedes</strong></span> <span class='ocrx_word' id='word_1_83' title='bbox 396 1369 533 1426; x_wconf 87' lang='lat' dir='ltr'><strong>inadusto</strong></span> <span class='ocrx_word' id='word_1_84' title='bbox 553 1388 670 1446; x_wconf 88' lang='lat' dir='ltr'><strong>corpore</strong></span> <span class='ocrx_word' id='word_1_85' title='bbox 690 1375 789 1427; x_wconf 89' lang='lat' dir='ltr'><strong>tauros</strong></span> 
     </span>
     <span class='ocr_line' id='line_1_14' title="bbox 95 1464 982 1532; baseline 0 -10"><span class='ocrx_word' id='word_1_86' title='bbox 95 1464 138 1521; x_wconf 87' lang='lat' dir='ltr'><strong>Et</strong></span> <span class='ocrx_word' id='word_1_87' title='bbox 156 1464 279 1522; x_wconf 83' lang='lat' dir='ltr'><strong>solidam</strong></span> <span class='ocrx_word' id='word_1_88' title='bbox 298 1465 376 1522; x_wconf 89' lang='lat' dir='ltr'><strong>iusso</strong></span> <span class='ocrx_word' id='word_1_89' title='bbox 396 1484 512 1523; x_wconf 78' lang='lat' dir='ltr'><strong>vomere</strong></span> <span class='ocrx_word' id='word_1_90' title='bbox 531 1465 619 1523; x_wconf 89' lang='lat' dir='ltr'><strong>findis</strong></span> <span class='ocrx_word' id='word_1_91' title='bbox 639 1465 769 1524; x_wconf 91' lang='lat' dir='ltr'><strong>humum.</strong></span> <span class='ocrx_word' id='word_1_92' title='bbox 957 1495 982 1532; x_wconf 76' lang='lat'><strong>95</strong></span> 
     </span>
     <span class='ocr_line' id='line_1_15' title="bbox 52 1562 821 1640; baseline 0.001 -20"><span class='ocrx_word' id='word_1_93' title='bbox 52 1564 141 1620; x_wconf 87' lang='lat' dir='ltr'><strong>Arva</strong></span> <span class='ocrx_word' id='word_1_94' title='bbox 163 1563 314 1620; x_wconf 77' lang='lat' dir='ltr'><strong>venenatis</strong></span> <span class='ocrx_word' id='word_1_95' title='bbox 335 1582 389 1639; x_wconf 87' lang='lat' dir='ltr'><strong>pro</strong></span> <span class='ocrx_word' id='word_1_96' title='bbox 410 1562 518 1620; x_wconf 89' lang='lat' dir='ltr'><strong>semine</strong></span> <span class='ocrx_word' id='word_1_97' title='bbox 539 1562 675 1620; x_wconf 75' lang='lat' dir='ltr'><strong>dentibus</strong></span> <span class='ocrx_word' id='word_1_98' title='bbox 698 1564 821 1640; x_wconf 87' lang='lat' dir='ltr'><strong>imples:</strong></span> 
     </span>
     <span class='ocr_line' id='line_1_16' title="bbox 94 1658 806 1735; baseline 0.001 -19"><span class='ocrx_word' id='word_1_99' title='bbox 94 1658 236 1716; x_wconf 79' lang='lat' dir='ltr'><strong>Nascitur</strong></span> <span class='ocrx_word' id='word_1_100' title='bbox 259 1665 290 1716; x_wconf 89' lang='lat' dir='ltr'><strong>et</strong></span> <span class='ocrx_word' id='word_1_101' title='bbox 313 1659 424 1734; x_wconf 87' lang='lat' dir='ltr'><strong>gladios</strong></span> <span class='ocrx_word' id='word_1_102' title='bbox 444 1664 583 1735; x_wconf 87' lang='lat' dir='ltr'><strong>scutaque</strong></span> <span class='ocrx_word' id='word_1_103' title='bbox 604 1660 689 1717; x_wconf 87' lang='lat' dir='ltr'><strong>miles</strong></span> <span class='ocrx_word' id='word_1_104' title='bbox 710 1660 806 1718; x_wconf 89' lang='lat' dir='ltr'><strong>habet.</strong></span> 
     </span>
     <span class='ocr_line' id='line_1_17' title="bbox 53 1755 901 1832; baseline 0.004 -20"><span class='ocrx_word' id='word_1_105' title='bbox 53 1756 127 1832; x_wconf 92' lang='lat' dir='ltr'><strong>Ipsa</strong></span> <span class='ocrx_word' id='word_1_106' title='bbox 147 1773 207 1830; x_wconf 86' lang='lat' dir='ltr'><strong>ege,</strong></span> <span class='ocrx_word' id='word_1_107' title='bbox 229 1773 304 1829; x_wconf 88' lang='lat' dir='ltr'><strong>quae</strong></span> <span class='ocrx_word' id='word_1_108' title='bbox 325 1755 460 1812; x_wconf 87' lang='lat' dir='ltr'><strong>dederam</strong></span> <span class='ocrx_word' id='word_1_109' title='bbox 482 1757 682 1827; x_wconf 87' lang='lat' dir='ltr'><strong>medicamina,</strong></span> <span class='ocrx_word' id='word_1_110' title='bbox 704 1757 812 1832; x_wconf 87' lang='lat' dir='ltr'><strong>pallida</strong></span> <span class='ocrx_word' id='word_1_111' title='bbox 832 1757 901 1831; x_wconf 89' lang='lat' dir='ltr'><strong>sedi,</strong></span> 
     </span>
     <span class='ocr_line' id='line_1_18' title="bbox 95 1849 863 1923; baseline 0.004 -16"><span class='ocrx_word' id='word_1_112' title='bbox 95 1849 171 1907; x_wconf 84' lang='lat' dir='ltr'><strong>Oum</strong></span> <span class='ocrx_word' id='word_1_113' title='bbox 191 1849 251 1906; x_wconf 88' lang='lat' dir='ltr'><strong>vidi</strong></span> <span class='ocrx_word' id='word_1_114' title='bbox 275 1850 387 1907; x_wconf 89' lang='lat' dir='ltr'><strong>subitos</strong></span> <span class='ocrx_word' id='word_1_115' title='bbox 411 1869 492 1907; x_wconf 85' lang='lat' dir='ltr'><strong>arma</strong></span> <span class='ocrx_word' id='word_1_116' title='bbox 514 1856 614 1908; x_wconf 88' lang='lat' dir='ltr'><strong>tencre</strong></span> <span class='ocrx_word' id='word_1_117' title='bbox 636 1851 733 1910; x_wconf 87' lang='lat' dir='ltr'><strong>viros:</strong></span> <span class='ocrx_word' id='word_1_118' title='bbox 861 1918 863 1923; x_wconf 45' lang='grc'><strong>,</strong></span> 
     </span>
     <span class='ocr_line' id='line_1_19' title="bbox 53 1947 995 2022; baseline -0.003 -17"><span class='ocrx_word' id='word_1_119' title='bbox 53 1948 158 2005; x_wconf 92' lang='lat' dir='ltr'><strong>Donec</strong></span> <span class='ocrx_word' id='word_1_120' title='bbox 182 1947 380 2022; x_wconf 78' lang='lat' dir='ltr'><strong>terrigenae..</strong></span> <span class='ocrx_word' id='word_1_121' title='bbox 403 1948 516 2005; x_wconf 87' lang='lat' dir='ltr'><strong>facinus</strong></span> <span class='ocrx_word' id='word_1_122' title='bbox 535 1948 724 2005; x_wconf 81' lang='lat' dir='ltr'><strong>mirabilel...</strong></span> <span class='ocrx_word' id='word_1_123' title='bbox 747 1947 852 2004; x_wconf 84' lang='lat' dir='ltr'><strong>fratres</strong></span> <span class='ocrx_word' id='word_1_124' title='bbox 959 1975 995 2002; x_wconf 77' lang='grc' dir='ltr'><strong>ιω</strong></span> 
     </span>
     <span class='ocr_line' id='line_1_20' title="bbox 94 2043 688 2102; baseline 0 -2"><span class='ocrx_word' id='word_1_125' title='bbox 94 2043 181 2100; x_wconf 90' lang='lat' dir='ltr'><strong>Inter</strong></span> <span class='ocrx_word' id='word_1_126' title='bbox 199 2062 230 2100; x_wconf 90' lang='lat' dir='ltr'><strong>se</strong></span> <span class='ocrx_word' id='word_1_127' title='bbox 249 2044 366 2101; x_wconf 88' lang='lat' dir='ltr'><strong>strictas</strong></span> <span class='ocrx_word' id='word_1_128' title='bbox 387 2063 557 2102; x_wconf 88' lang='lat' dir='ltr'><strong>conseruere</strong></span> <span class='ocrx_word' id='word_1_129' title='bbox 578 2063 688 2101; x_wconf 91' lang='lat' dir='ltr'><strong>manus.</strong></span> 
     </span>
     <span class='ocr_line' id='line_1_21' title="bbox 54 2140 905 2218; baseline -0.001 -20"><span class='ocrx_word' id='word_1_130' title='bbox 54 2141 181 2217; x_wconf 90' lang='lat' dir='ltr'><strong>Insopor</strong></span> <span class='ocrx_word' id='word_1_131' title='bbox 200 2160 264 2199; x_wconf 89' lang='lat' dir='ltr'><strong>ecce</strong></span> <span class='ocrx_word' id='word_1_132' title='bbox 283 2142 355 2218; x_wconf 85' lang='lat' dir='ltr'><strong>vigil</strong></span> <span class='ocrx_word' id='word_1_133' title='bbox 376 2141 504 2217; x_wconf 83' lang='lat' dir='ltr'><strong>squamis</strong></span> <span class='ocrx_word' id='word_1_134' title='bbox 524 2142 733 2216; x_wconf 72' lang='lat' dir='ltr'><strong>crepitantibus</strong></span> <span class='ocrx_word' id='word_1_135' title='bbox 751 2140 872 2197; x_wconf 87' lang='lat' dir='ltr'><strong>horrens</strong></span> <span class='ocrx_word' id='word_1_136' title='bbox 903 2205 905 2217; x_wconf 41' lang='grc' dir='ltr'>Ι</span> 
     </span>
     <span class='ocr_line' id='line_1_22' title="bbox 95 2237 758 2315; baseline 0 -20"><span class='ocrx_word' id='word_1_137' title='bbox 95 2237 210 2306; x_wconf 81' lang='lat' dir='ltr'><strong>Sibilat,</strong></span> <span class='ocrx_word' id='word_1_138' title='bbox 231 2245 261 2295; x_wconf 88' lang='lat' dir='ltr'><strong>et</strong></span> <span class='ocrx_word' id='word_1_139' title='bbox 281 2243 360 2296; x_wconf 89' lang='lat' dir='ltr'><strong>torto</strong></span> <span class='ocrx_word' id='word_1_140' title='bbox 379 2243 495 2315; x_wconf 89' lang='lat' dir='ltr'><strong>pectore</strong></span> <span class='ocrx_word' id='word_1_141' title='bbox 515 2239 608 2296; x_wconf 85' lang='lat' dir='ltr'><strong>verrit</strong></span> <span class='ocrx_word' id='word_1_142' title='bbox 629 2239 758 2296; x_wconf 89' lang='lat' dir='ltr'><strong>humum.</strong></span> 
     </span>
     <span class='ocr_line' id='line_1_23' title="bbox 54 2332 941 2410; baseline -0.003 -20"><span class='ocrx_word' id='word_1_143' title='bbox 54 2332 144 2390; x_wconf 91' lang='lat' dir='ltr'><strong>Dotis</strong></span> <span class='ocrx_word' id='word_1_144' title='bbox 167 2351 235 2408; x_wconf 91' lang='lat' dir='ltr'><strong>opes</strong></span> <span class='ocrx_word' id='word_1_145' title='bbox 257 2333 310 2389; x_wconf 89' lang='lat' dir='ltr'><strong>ubi</strong></span> <span class='ocrx_word' id='word_1_146' title='bbox 330 2336 435 2393; x_wconf 87' lang='lat' dir='ltr'><strong>erantl</strong></span> <span class='ocrx_word' id='word_1_147' title='bbox 466 2334 518 2391; x_wconf 89' lang='lat' dir='ltr'><strong>nbi</strong></span> <span class='ocrx_word' id='word_1_148' title='bbox 541 2341 604 2392; x_wconf 91' lang='lat' dir='ltr'><strong>erat</strong></span> <span class='ocrx_word' id='word_1_149' title='bbox 624 2334 681 2392; x_wconf 90' lang='lat' dir='ltr'><strong>tibi</strong></span> <span class='ocrx_word' id='word_1_150' title='bbox 703 2334 783 2410; x_wconf 85' lang='lat' dir='ltr'><strong>regia</strong></span> <span class='ocrx_word' id='word_1_151' title='bbox 803 2332 941 2402; x_wconf 87' lang='lat' dir='ltr'><strong>coniunx,</strong></span> 
     </span>
     <span class='ocr_line' id='line_1_24' title="bbox 95 2424 981 2502; baseline 0.002 -22"><span class='ocrx_word' id='word_1_152' title='bbox 95 2424 211 2500; x_wconf 80' lang='lat' dir='ltr'><strong>Quique</strong></span> <span class='ocrx_word' id='word_1_153' title='bbox 230 2425 319 2482; x_wconf 88' lang='lat' dir='ltr'><strong>maris</strong></span> <span class='ocrx_word' id='word_1_154' title='bbox 338 2426 447 2500; x_wconf 87' lang='lat' dir='ltr'><strong>gemini</strong></span> <span class='ocrx_word' id='word_1_155' title='bbox 467 2426 588 2484; x_wconf 86' lang='lat' dir='ltr'><strong>distinet</strong></span> <span class='ocrx_word' id='word_1_156' title='bbox 606 2426 735 2484; x_wconf 89' lang='lat' dir='ltr'><strong>Isthmos</strong></span> <span class='ocrx_word' id='word_1_157' title='bbox 754 2426 864 2502; x_wconf 78' lang='lat' dir='ltr'><strong>aquasl</strong></span> <span class='ocrx_word' id='word_1_158' title='bbox 958 2455 981 2482; x_wconf 71' lang='grc' dir='ltr'><strong>ιο</strong></span> 
     </span>
     <span class='ocr_line' id='line_1_25' title="bbox 53 2520 938 2599; baseline -0.001 -21"><span class='ocrx_word' id='word_1_159' title='bbox 53 2521 115 2578; x_wconf 90' lang='lat' dir='ltr'><strong>Illa</strong></span> <span class='ocrx_word' id='word_1_160' title='bbox 134 2540 194 2597; x_wconf 87' lang='lat' dir='ltr'><strong>eg0,</strong></span> <span class='ocrx_word' id='word_1_161' title='bbox 209 2540 284 2597; x_wconf 88' lang='lat' dir='ltr'><strong>quae</strong></span> <span class='ocrx_word' id='word_1_162' title='bbox 306 2523 364 2579; x_wconf 90' lang='lat' dir='ltr'><strong>tibi</strong></span> <span class='ocrx_word' id='word_1_163' title='bbox 384 2541 449 2579; x_wconf 88' lang='lat' dir='ltr'><strong>sum</strong></span> <span class='ocrx_word' id='word_1_164' title='bbox 472 2543 551 2581; x_wconf 93' lang='lat' dir='ltr'><strong>nunc</strong></span> <span class='ocrx_word' id='word_1_165' title='bbox 569 2524 694 2599; x_wconf 90' lang='lat' dir='ltr'><strong>denique</strong></span> <span class='ocrx_word' id='word_1_166' title='bbox 712 2523 836 2580; x_wconf 89' lang='lat' dir='ltr'><strong>barbara</strong></span> <span class='ocrx_word' id='word_1_167' title='bbox 852 2520 938 2593; x_wconf 86' lang='lat' dir='ltr'><strong>facta,</strong></span> 
     </span>
     <span class='ocr_line' id='line_1_26' title="bbox 94 2616 890 2694; baseline -0.001 -21"><span class='ocrx_word' id='word_1_168' title='bbox 94 2616 185 2673; x_wconf 88' lang='lat' dir='ltr'><strong>Nunc</strong></span> <span class='ocrx_word' id='word_1_169' title='bbox 208 2617 264 2673; x_wconf 91' lang='lat' dir='ltr'><strong>tibi</strong></span> <span class='ocrx_word' id='word_1_170' title='bbox 285 2635 351 2674; x_wconf 92' lang='lat' dir='ltr'><strong>sum</strong></span> <span class='ocrx_word' id='word_1_171' title='bbox 373 2636 491 2694; x_wconf 83' lang='lat' dir='ltr'><strong>pauper,</strong></span> <span class='ocrx_word' id='word_1_172' title='bbox 514 2637 592 2675; x_wconf 90' lang='lat' dir='ltr'><strong>nunc</strong></span> <span class='ocrx_word' id='word_1_173' title='bbox 614 2618 671 2675; x_wconf 93' lang='lat' dir='ltr'><strong>tibi</strong></span> <span class='ocrx_word' id='word_1_174' title='bbox 693 2618 757 2675; x_wconf 83' lang='lat' dir='ltr'><strong>visa</strong></span> <span class='ocrx_word' id='word_1_175' title='bbox 776 2635 890 2688; x_wconf 89' lang='lat' dir='ltr'><strong>nocens,</strong></span> 
     </span>
     <span class='ocr_line' id='line_1_27' title="bbox 53 2710 772 2784; baseline 0.001 -17"><span class='ocrx_word' id='word_1_176' title='bbox 53 2710 204 2768; x_wconf 87' lang='lat' dir='ltr'><strong>Flammea</strong></span> <span class='ocrx_word' id='word_1_177' title='bbox 223 2711 352 2769; x_wconf 84' lang='lat' dir='ltr'><strong>subduxi</strong></span> <span class='ocrx_word' id='word_1_178' title='bbox 370 2713 512 2770; x_wconf 88' lang='lat' dir='ltr'><strong>medicato</strong></span> <span class='ocrx_word' id='word_1_179' title='bbox 532 2713 645 2769; x_wconf 89' lang='lat' dir='ltr'><strong>lumina</strong></span> <span class='ocrx_word' id='word_1_180' title='bbox 663 2730 772 2784; x_wconf 90' lang='lat' dir='ltr'><strong>somno,</strong></span> 
     </span>
     <span class='ocr_line' id='line_1_28' title="bbox 95 2807 781 2885; baseline 0.001 -22"><span class='ocrx_word' id='word_1_181' title='bbox 95 2807 137 2864; x_wconf 87' lang='lat' dir='ltr'><strong>Et</strong></span> <span class='ocrx_word' id='word_1_182' title='bbox 157 2807 221 2880; x_wconf 85' lang='lat' dir='ltr'><strong>tibi,</strong></span> <span class='ocrx_word' id='word_1_183' title='bbox 243 2827 318 2885; x_wconf 87' lang='lat' dir='ltr'><strong>quae</strong></span> <span class='ocrx_word' id='word_1_184' title='bbox 338 2828 462 2885; x_wconf 83' lang='lat' dir='ltr'><strong>raperes,</strong></span> <span class='ocrx_word' id='word_1_185' title='bbox 479 2810 593 2873; x_wconf 67' lang='lat' dir='ltr'><strong>,vellera</strong></span> <span class='ocrx_word' id='word_1_186' title='bbox 616 2815 684 2866; x_wconf 87' lang='lat' dir='ltr'><strong>tuta</strong></span> <span class='ocrx_word' id='word_1_187' title='bbox 706 2807 781 2864; x_wconf 87' lang='lat' dir='ltr'><strong>dedi</strong></span> 
     </span>
    </p>
   </div>
   <div class='ocr_carea' id='block_1_3' title="bbox 52 2975 941 3235">
    <p class='ocr_par' dir='ltr' id='par_1_3' title="bbox 52 2975 941 3235">
     <span class='ocr_line' id='line_1_29' title="bbox 103 2975 940 3047; baseline 0.001 -23"><span class='ocrx_word' id='word_1_188' title='bbox 103 2975 135 3024; x_wconf 83' lang='lat'><strong>84</strong></span> <span class='ocrx_word' id='word_1_189' title='bbox 148 2978 413 3047; x_wconf 66' lang='lat' dir='ltr'><strong>cannaparabodcoa</strong></span> <span class='ocrx_word' id='word_1_190' title='bbox 446 2979 581 3043; x_wconf 78' lang='lat' dir='ltr'><strong>Vdeoaqac</strong></span> <span class='ocrx_word' id='word_1_191' title='bbox 596 2995 666 3030; x_wconf 77' lang='lat' dir='ltr'><strong>awos.</strong></span> <span class='ocrx_word' id='word_1_192' title='bbox 747 2979 779 3028; x_wconf 83' lang='lat'><strong>85</strong></span> <span class='ocrx_word' id='word_1_193' title='bbox 794 2996 806 3027; x_wconf 78' lang='lat' dir='ltr'><strong>e</strong></span> <span class='ocrx_word' id='word_1_194' title='bbox 820 2984 940 3028; x_wconf 76' lang='lat' dir='ltr'><strong>vanescet.</strong></span> 
     </span>
     <span class='ocr_line' id='line_1_30' title="bbox 52 3041 941 3108; baseline 0.001 -18"><span class='ocrx_word' id='word_1_195' title='bbox 52 3041 85 3090; x_wconf 82' lang='lat'><strong>89</strong></span> <span class='ocrx_word' id='word_1_196' title='bbox 98 3047 144 3088; x_wconf 77' lang='lat' dir='ltr'><strong>set</strong></span> <span class='ocrx_word' id='word_1_197' title='bbox 155 3049 231 3103; x_wconf 81' lang='lat' dir='ltr'><strong>quoto</strong></span> <span class='ocrx_word' id='word_1_198' title='bbox 238 3057 300 3104; x_wconf 78' lang='lat' dir='ltr'><strong>porc</strong></span> <span class='ocrx_word' id='word_1_199' title='bbox 312 3044 403 3093; x_wconf 74' lang='lat' dir='ltr'><strong>lacrum.</strong></span> <span class='ocrx_word' id='word_1_200' title='bbox 438 3044 461 3092; x_wconf 90' lang='lat' dir='ltr'><strong>V</strong></span> <span class='ocrx_word' id='word_1_201' title='bbox 473 3052 496 3093; x_wconf 87' lang='lat' dir='ltr'><strong>ct</strong></span> <span class='ocrx_word' id='word_1_202' title='bbox 507 3051 582 3107; x_wconf 76' lang='lat' dir='ltr'><strong>quota</strong></span> <span class='ocrx_word' id='word_1_203' title='bbox 591 3059 649 3108; x_wconf 81' lang='lat' dir='ltr'><strong>para</strong></span> <span class='ocrx_word' id='word_1_204' title='bbox 657 3051 740 3107; x_wconf 83' lang='lat' dir='ltr'><strong>posset</strong></span> <span class='ocrx_word' id='word_1_205' title='bbox 750 3045 861 3092; x_wconf 72' lang='lat' dir='ltr'><strong>motare.</strong></span> <span class='ocrx_word' id='word_1_206' title='bbox 910 3043 941 3093; x_wconf 84' lang='grc'><strong>96</strong></span> 
     </span>
     <span class='ocr_line' id='line_1_31' title="bbox 52 3103 939 3157; baseline 0.003 -5"><span class='ocrx_word' id='word_1_207' title='bbox 52 3103 89 3153; x_wconf 99' lang='grc' dir='ltr'><em>Ν</em></span> <span class='ocrx_word' id='word_1_208' title='bbox 106 3105 207 3153; x_wconf 78' lang='lat' dir='ltr'><strong>habena.</strong></span> <span class='ocrx_word' id='word_1_209' title='bbox 271 3108 303 3157; x_wconf 87' lang='grc'><strong>99</strong></span> <span class='ocrx_word' id='word_1_210' title='bbox 319 3107 354 3156; x_wconf 87' lang='grc' dir='ltr'><em>Ν</em></span> <span class='ocrx_word' id='word_1_211' title='bbox 368 3110 517 3157; x_wconf 79' lang='lat' dir='ltr'><strong>miserabile.</strong></span> <span class='ocrx_word' id='word_1_212' title='bbox 589 3109 636 3157; x_wconf 90' lang='grc'><strong>100</strong></span> <span class='ocrx_word' id='word_1_213' title='bbox 653 3108 686 3157; x_wconf 90' lang='grc' dir='ltr'><em>Ν</em></span> <span class='ocrx_word' id='word_1_214' title='bbox 701 3110 730 3156; x_wconf 79' lang='lat' dir='ltr'><strong>in</strong></span> <span class='ocrx_word' id='word_1_215' title='bbox 745 3123 770 3156; x_wconf 75' lang='lat' dir='ltr'><strong>sc</strong></span> <span class='ocrx_word' id='word_1_216' title='bbox 786 3109 939 3156; x_wconf 75' lang='lat' dir='ltr'><strong>comtrtctca</strong></span> 
     </span>
     <span class='ocr_line' id='line_1_32' title="bbox 54 3168 766 3235; baseline 0.006 -19"><span class='ocrx_word' id='word_1_217' title='bbox 54 3168 102 3218; x_wconf 87' lang='grc'><strong>101</strong></span> <span class='ocrx_word' id='word_1_218' title='bbox 114 3169 148 3218; x_wconf 92' lang='grc' dir='ltr'><em>Ν</em></span> <span class='ocrx_word' id='word_1_219' title='bbox 158 3170 271 3232; x_wconf 69' lang='lat' dir='ltr'><strong>Perviptl</strong></span> <span class='ocrx_word' id='word_1_220' title='bbox 281 3186 334 3221; x_wconf 84' lang='lat' dir='ltr'><strong>cccc</strong></span> <span class='ocrx_word' id='word_1_221' title='bbox 346 3173 428 3221; x_wconf 82' lang='lat' dir='ltr'><strong>draco.</strong></span> <span class='ocrx_word' id='word_1_222' title='bbox 460 3173 497 3222; x_wconf 89' lang='lat' dir='ltr'><strong>Pa</strong></span> <span class='ocrx_word' id='word_1_223' title='bbox 508 3175 611 3235; x_wconf 76' lang='lat' dir='ltr'><strong>Insopor</strong></span> <span class='ocrx_word' id='word_1_224' title='bbox 619 3187 670 3221; x_wconf 84' lang='lat' dir='ltr'><strong>ecce</strong></span> <span class='ocrx_word' id='word_1_225' title='bbox 683 3173 766 3222; x_wconf 82' lang='lat' dir='ltr'><strong>draco.</strong></span> 
     </span>
    </p>
   </div>
   <div class='ocr_carea' id='block_1_4' title="bbox 134 3267 862 3324">
    <p class='ocr_par' dir='ltr' id='par_1_4' title="bbox 134 3267 862 3324">
     <span class='ocr_line' id='line_1_33' title="bbox 134 3267 862 3324; baseline 0 0"><span class='ocrx_word' id='word_1_226' title='bbox 134 3281 161 3324; x_wconf 90' lang='grc' dir='ltr'><strong>ο.</strong></span> <span class='ocrx_word' id='word_1_227' title='bbox 845 3267 862 3324; x_wconf 86' lang='grc'><strong>5</strong></span> 
     </span>
    </p>
   </div>
   <div class='ocr_carea' id='block_1_5' title="bbox 0 0 1068 3676">
    <p class='ocr_par' dir='ltr' id='par_1_5' title="bbox 0 0 1068 3676">
     <span class='ocr_line' id='line_1_34' title="bbox 0 0 1068 3676; baseline 0 0"><span class='ocrx_word' id='word_1_228' title='bbox 0 0 1068 3676; x_wconf 95' lang='lat' dir='ltr'><strong> </strong></span> 
     </span>
    </p>
   </div>
  </div>
 </body>
</html>
