2122 3676
64 277 137 335 ,12
237 270 238 273 '
338 275 481 337 OVIDII
497 272 739 336 EPISTULAE.

99 402 178 461 Nam
202 401 290 461 simul
303 402 475 480 'Eurybates
494 423 542 462 me
563 402 793 480 Talthybiusque
816 411 967 477 vorarunt,

64 536 89 564 10
139 497 285 574 Eurybati
306 498 375 557 data
396 518 461 557 surm
482 498 696 576 Talthybioque
717 516 820 558 eomes.

101 593 189 652 Alter
209 593 242 652 in
262 595 384 655 alterius
404 595 547 654 iactantes
570 596 682 654 lumina
702 596 818 655 voltum

141 692 326 762 Quaerebant
346 694 439 768 taeiti,
462 701 563 754 noster
583 695 636 754 ubi
658 698 733 753 esset
755 679 846 752 emor.

100 790 222 849 Differri
243 791 334 868 potui
376 811 485 870 poenae
505 811 588 852 mora
608 798 693 870 grata
714 792 825 852 fuisset.

140 886 180 944 Ei
199 887 282 960 mihi,
306 885 575 949 discedens-oscula
595 889 678 947 nulla
700 888 777 948 dedi.
980 963 983 973 Α

65 1013 88 1050 15
100 979 147 1038 At
167 981 301 1040 laarimas
323 983 386 1041 sine
406 983 466 1043 fine
487 985 563 1058 dedi,
587 985 712 1061 rupique
735 984 869 1061 capillos:

141 1077 253 1136 Infelix
275 1079 384 1137 iterum
406 1099 472 1139 sum
492 1081 567 1139 mihi
590 1081 653 1138 visa
673 1078 746 1157 rapi
834 1128 836 1131 .

96 1175 194 1253 *Saepe
216 1194 268 1253 ego
291 1176 411 1253 decepto
431 1175 514 1255 uolui
534 1175 653 1234 custode
670 1175 796 1253 reverti:

142 1269 199 1327 Sed
219 1289 267 1327 me
288 1270 340 1347 qui
360 1269 494 1329 timidam
513 1271 677 1348 prenderet,
701 1269 795 1328 hostis
815 1275 886 1328 erat.
963 1291 966 1301 “

103 1364 136 1422 Si
157 1383 306 1442 prognosse
325 1365 427 1438 forem,
453 1385 570 1444 caperer
589 1385 628 1425 ne
650 1371 735 1424 nocte
758 1365 905 1437 timebam,

65 1489 91 1515 ,ο
142 1461 311 1531 Quamlibet
333 1462 371 1520 ad
392 1462 504 1520 Priami
524 1482 632 1521 munus
652 1462 731 1520 itura
753 1481 870 1522 nurum.

103 1557 160 1616 Sed
179 1558 249 1616 data
267 1557 332 1629 sim,
353 1559 423 1636 quia
444 1558 540 1616 danda
560 1559 612 1619 fui„
649 1558 706 1617 Tot
725 1559 861 1618 noctibus
879 1557 989 1629 absum,

142 1654 207 1713 Nee
228 1651 349 1732 repetor.
391 1672 493 1728 cesses,
515 1648 623 1731 iraque
639 1648 794 1712 lenta'tua
814 1659 864 1714 est

103 1752 172 1830 Ipse
192 1751 392 1811 Menoetiades
414 1757 487 1825 tum,
513 1771 580 1810 eum
606 1751 749 1824 tradebar,
771 1751 805 1808 in
827 1770 928 1809 aurem

16 1875 19 1882 ¹
145 1848 236 1918 ‘Quid
252 1845 326 1908 ’11331
350 1841 514 1927 hieparvo
534 1847 676 1925 tempore'
697 1847 776 1905 dixit
798 1847 885 1906 ‘eris'

69 1963 93 2000 25
104 1945 176 2005 Non
197 1948 342 2025 repetisse,
367 1966 478 2024 parum.
527 1964 648 2023 pugnas,
669 1965 708 2003 ne
729 1945 840 2018 reddar,
863 1943 989 2004 Achille.

144 2045 162 2102 Ι
184 2065 273 2118 nune,
297 2053 328 2104 et
350 2044 450 2122 cupidi
472 2062 579 2102 nomen
600 2042 727 2100 amantis
748 2042 831 2101 habe.

104 2141 261 2200 Venerunt
283 2127 328 2200 ad¹
341 2147 371 2199 te
392 2140 547 2212 Telamone
569 2146 600 2197 et
620 2139 786 2214 Amyntore
808 2138 880 2212 nati,

144 2237 201 2294 1110
223 2237 316 2312 gradu
332 2236 451 2314 propior
472 2235 630 2313 sanguinis,
654 2236 705 2294 ille
728 2253 832 2306 eomes,

105 2333 268 2408 mersaque
292 2338 380 2408 setus,
402 2351 455 2409 per
474 2351 547 2410 quoa
569 2332 708 2390 comitata
730 2331 868 2390 redirem:

70 2457 93 2495 ³0
144 2414 305 2487 Auxertmt
325 2428 457 2489 blandae,
471 2428 594 2506 grandia
616 2429 693 2487 dona
715 2447 822 2505 preces,

105 2512 234 2601 Viginti
245 2523 342 2584 fulvos
363 2544 481 2602 operoso
503 2544 541 2583 ex
561 2544 627 2583 aere
650 2513 767 2598 lebetes,
957 2573 960 2598 3

144 2623 186 2681 Et
205 2622 335 2700 tripodas
357 2631 468 2701 septem
492 2624 618 2700 pondere
640 2628 671 2681 et
691 2627 755 2681 arte
775 2639 874 2698 pares:

105 2720 219 2778 Addita
239 2727 309 2779 sunt
331 2720 391 2779 11113
411 2723 476 2779 auri
497 2721 542 2778 bis
562 2720 691 2798 quinque
712 2718 833 2789 talenta,

145 2817 205 2900 Bis
218 2837 271 2876 sex
290 2817 404 2877 adsueti
426 2818 543 2877 vincere
564 2837 677 2895 semper
697 2816 773 2894 equi,

154 2948 350 2998 illibatorum.
418 2946 450 2995 11
466 2953 637 3009 repententes.
670 2945 790 2994 Eeultu.
856 2944 887 2995 16
903 2943 995 3005 Ejom

107 3019 166 3060 mm.
232 3011 263 3058 18
279 3012 429 3073 sponderet.
502 3010 533 3060 19
550 3009 634 3060 Madv.
652 3024 683 3058 ne
700 3022 758 3056 eum
771 3023 902 3071 propressa
913 3009 996 3071 sorem

106 3074 199 3137 jungit.
230 3074 255 3123 V
270 3089 320 3123 om.
337 3089 377 3124 rte.
441 3073 472 3122 21
488 3073 548 3123 rev
562 3087 622 3123 aum.
690 3073 721 3120 23
738 3075 795 3122 ein
810 3088 880 3123 aare.
940 3073 996 3120 253

103 3153 195 3202 parum
205 3144 249 3187 est.
280 3138 487 3190 Romulida
535 3137 744 3186 26Eet2man.
793 3136 997 3189 2711133333-

108 3205 240 3252 amintam.
306 3202 497 3254 29ELaeerte.
562 3200 996 3250 3022333333.Ε393133113ι3.Ἰ

107 3267 279 3317 31Elebetee.
345 3265 542 3316 991113133133.
608 3264 719 3314 ,94Εὸ13
730 3270 827 3327 septem.
