2122 3676
241 225 296 286 ru.
317 185 518 285 rnrrner
540 223 785 286 urrronrro.
841 289 844 292 Α
920 224 957 283 21

72 356 259 430 Quod'earet
279 355 392 414 alterna
411 354 520 432 requie,
541 354 674 413 durabile
692 374 754 413 non
773 360 833 414 est:

112 453 198 514 Haeo
217 458 334 531 reparat
352 453 431 511 vires
449 452 582 529 fessaque
602 453 733 511 membra
751 459 852 511 novat.
973 486 999 526 90

73 551 200 613 Arous..
222 556 253 610 et
271 570 353 609 arma
371 555 441 608 tuae
460 548 517 608 tibi
536 554 607 608 sunt
626 548 770 608 imitanda
790 549 933 610 Dianae...

114 646 148 706 Si
167 666 327 724 numquam
346 666 437 706 cesses
457 647 585 720 tendere,
605 646 702 705 mollis
722 646 788 709 erit.

75 742 181 804 clarus
199 749 264 803 erat
282 744 366 804 silvis
386 744 539 822 Cephalus,
560 744 729 824 multaeque
747 765 801 823 per
819 744 924 803 herbas

116 839 311 900 Conciderant
330 840 382 899 illo
400 840 583 917 percutiente
601 841 698 902 ferae:

75 935 142 995 Neo
159 941 260 995 tamen
278 935 413 995 Aurorae
432 936 508 995 male
528 956 559 995 se
577 937 736 1014 praebebat
756 937 923 999 amandum.
976 966 1001 1007 9⁵

116 1030 187 1091 Ibat
205 1032 244 1090 ad
261 1031 341 1091 huno
360 1031 476 1109 sapiens
495 1051 515 1090 a
533 1050 603 1091 sene
623 1032 692 1090 diva
711 1032 784 1093 viro.

77 1129 169 1206 Saepe
188 1128 243 1187 sub
264 1127 379 1186 ilicibus
399 1127 548 1186 Venerem
569 1127 736 1205 Cinyraque
756 1134 887 1189 oreatum
935 1149 937 1154 ·

118 1224 267 1286 Sustinuit
284 1225 394 1302 positos
413 1225 561 1302 quaelibet
579 1223 671 1283 herba
690 1225 771 1288 duos.

77 1322 165 1383 Arsit
184 1330 215 1382 et
236 1322 361 1382 Oenides
379 1323 413 1380 in
432 1321 583 1381 Maenalia
601 1323 760 1384 Atalanta:

118 1420 177 1479 Ilia
195 1419 274 1478 ferae
292 1420 419 1496 spolium
437 1419 543 1498 pignus
561 1419 669 1480 amoris
687 1420 785 1484 habet.

80 1518 144 1577 Nos
163 1537 279 1596 quoque
297 1518 356 1577 iam
376 1518 505 1596 primum
524 1520 613 1578 turba
631 1539 820 1579 numeremur
837 1520 871 1577 in
890 1519 954 1578 ista

120 1614 154 1673 si
171 1613 322 1672 Venerem
340 1599 437 1689 iollas,
458 1614 569 1674 rustiea
587 1615 663 1674 silva
681 1621 735 1675 tua
754 1622 806 1676 eet

80 1710 152 1790 Ipsa
171 1729 266 1769 eomes
285 1711 410 1786 veniam,
431 1731 485 1771 neo
504 1732 552 1771 me
571 1712 717 1772 latebrosa
735 1713 896 1772 movebunt

122 1809 208 1883 Saxa,
229 1826 324 1885 neque
344 1808 462 1885 obliquo
482 1808 570 1867 dente
589 1809 739 1869 timendus
758 1829 835 1888 aper.

81 1909 223 1984 Aequora
242 1906 313 1964 bina
332 1906 394 1965 suis
413 1907 586 1983 obpugnant
605 1907 744 1966 fluetibus
763 1909 907 1981 Isthmon,
983 1934 1017 1971 ωε

122 2005 164 2063 Et
183 2002 280 2062 tenuis
299 2002 388 2061 tellus
406 2001 490 2060 audit
509 2007 667 2078 utrumque
686 2023 774 2065 mare.

83 2101 145 2159 Hie
164 2106 262 2158 teoum
281 2098 425 2157 Troezena
444 2097 545 2172 oolam,
567 2097 699 2157 Pittheia
717 2118 827 2176 regna:

122 2199 189 2257 Iam
208 2216 287 2256 nune
306 2197 351 2255 eet
369 2195 467 2274 patria
485 2196 597 2274 gratior
615 2196 669 2256 illa
687 2217 760 2259 mea

83 2295 223 2372 Tempore
242 2294 332 2366 abest,
353 2292 505 2370 aberitque
525 2293 577 2352 diu
596 2292 767 2370 Neptunius
786 2293 890 2352 heros:

123 2391 215 2450 Illum
234 2389 367 2448 Perithoi
386 2389 499 2449 detinet
517 2408 569 2448 ora
588 2388 641 2450 sui

84 2487 259 2566 Praeposuit
277 2486 432 2546 Theseus...
453 2485 513 2545 nisi
532 2485 558 2544 si
576 2484 731 2544 manifesta
750 2502 916 2561 negemus...

124 2585 298 2646 Perithoum
317 2583 475 2657 Phaedrae,
496 2582 727 2659 Perithoumque
746 2581 811 2641 tibi.

85 2683 154 2743 Sola
172 2701 227 2741 neo
245 2681 317 2740 haee
335 2679 374 2738 ad
392 2699 446 2738 nos
464 2679 573 2737 iniuria
592 2677 676 2736 venit
694 2678 732 2736 ab
752 2676 812 2737 illo.

125 2779 165 2838 In
184 2779 298 2857 magnis
316 2776 389 2836 laesi
406 2777 495 2836 rebus
514 2781 638 2853 uterque
658 2791 767 2834 sumus.

133 2930 406 2984 eoarenovar...uvat.
454 2926 642 2980 alitemtibi
652 2931 718 2975 runt.
767 2925 798 2974 93
807 2920 841 2972 eV
850 2923 972 2986 cephalae

84 2997 165 3047 mou.
200 2994 341 3045 Mortem.
405 2992 591 3045 95Eaurerae.
658 2988 858 3041 uenturam.
926 2988 973 3036 103

86 3061 242 3111 «umbrae.
276 3057 443 3109 Vrubbreru.
474 3055 643 3107 Emooebaat.
712 3051 792 3102 1041}
803 3066 856 3102 aee.
925 3051 973 3102 107

85 3126 226 3205 effera.
268 3137 451 3189 renuerem.
500 3134 732 3197 heremum.
780 3129 862 3182 111n
879 3131 972 3182 oseem

85 3207 164 3259 nebia
198 3202 528 3266 ErVatrtaor...mpamm.
559 3198 645 3250 Mutat
655 3209 850 3262 aer...mpemur.
