2122 3676
122 198 160 257 ss
292 157 296 163 ’
365 196 507 258 orrnrr
525 197 766 260 urzsrurru

121 327 213 402 Saepe
232 332 329 385 torum
349 333 457 403 repeto,
478 328 530 404 qui
548 347 602 386 nos
621 334 770 405 essuperet
788 328 896 404 ambos,
1005 323 1008 329 ’

162 420 219 478 sed
239 440 299 479 non
318 430 449 500 receptos
468 425 654 483 exhibiturus
673 433 745 497 erut,

54 582 56 591 Ι
122 514 163 572 Et
182 521 242 587 tue,
264 536 339 593 quae
358 536 475 594 possum
494 537 547 596 pro
567 525 605 593 te,
627 520 752 630 vestigia
771 525 869 596 tange,

66 685 67 690 ἵ
162 616 317 705 Strataque
337 636 411 693 quee
431 618 568 676 membris
587 606 739 696 intepuere
757 620 824 678 tuis

85 726 108 763 ss
122 700 273 784 incumbo,
295 712 478 790 lacrimisque
498 720 563 772 toro
582 719 720 774 manente
740 714 865 791 profusis

162 809 346 868 ‘Pressimus’
367 812 497 869 exclamo
518 817 562 870 ‘te
581 811 657 871 duo:
676 811 764 870 redde
783 812 902 870 duos.
902 782 911 839 Ι

121 906 267 964 Venimus
287 907 345 965 hue
364 909 458 982 umbo,
480 927 532 966 eur
551 928 611 966 non
630 908 804 966 diseedimus
823 908 930 966 amboi
1032 937 1034 941 ⁷

161 1001 283 1076 Perfide,
304 1021 372 1078 pars
391 1003 493 1077 nostri,
514 1004 627 1076 lectule,
647 1004 742 1062 maior
759 1004 812 1062 ubi
831 1003 904 1062 esti'

21 1064 201 1170 fflQuid
220 1098 343 1157 feeium‘i
363 1118 421 1175 quo
441 1100 502 1157 sole
521 1097 619 1158 ieruri
639 1107 724 1157 vacat
742 1098 841 1158 insule
859 1097 962 1158 cultu:
1037 1174 1041 1182 ἱ

84 1203 109 1253 60
161 1196 232 1253 Non
251 1195 403 1252 hominum
424 1194 515 1253 video.
558 1213 619 1252 non
638 1214 691 1270 ege
710 1195 789 1254 fests
807 1194 905 1254 boum.

122 1289 216 1348 Omne
236 1291 314 1347 latus
333 1296 428 1347 terrae
447 1239 539 1366 cingit
558 1309 657 1347 mere:
676 1289 778 1348 navita
796 1307 952 1366 nusquam,

161 1386 255 1444 Nulla
274 1406 327 1462 per
345 1385 496 1461 ambiguas
515 1388 622 1463 puppis
641 1386 720 1444 itura
739 1385 810 1444 vias.

122 1482 215 1558 Finge
235 1482 298 1539 deri
318 1483 494 1557 comitesque
513 1482 588 1539 mihi
607 1488 769 1559 ventosque
788 1485 947 1558 ratemque,

163 1579 241 1648 Quid
260 1579 385 1654 sequent
414 1578 556 1636 Accessus
575 1585 654 1636 terre
673 1585 794 1655 peteme
813 1582 910 1654 negat.

84 1686 108 1734 ⁶⁵
122 1676 168 1734 Ut
188 1680 251 1732 rate
270 1673 348 1732 felici
367 1680 470 1750 paeetu
488 1694 540 1751 per
559 1694 685 1752 aequore
703 1676 794 1749 luber,

161 1772 315 1847 Temperet
336 1776 370 1827 ut
390 1775 493 1827 ventes
513 1771 633 1843 Aeolus,
655 1771 725 1829 exul
744 1791 800 1831 ero.

124 1868 195 1926 Non
214 1887 267 1944 ego
287 1873 325 1940 te,
347 1867 433 1926 Orete
454 1874 571 1925 eentum
593 1869 705 1943 digesta
723 1886 776 1944 per
795 1868 889 1938 urbes,

161 1963 320 2040 Aspiciam,
342 1984 432 2040 puero
452 1964 568 2039 cognita
587 1970 666 2021 terre
685 1963 760 2022 Iovi.

121 2058 167 2116 At
186 2065 320 2136 pateret
339 2061 426 2117 tellus
445 2060 524 2118 iusto
544 2066 665 2138 regnata
684 2058 800 2135 parenti

84 2173 109 2208 ⁷0
162 2154 283 2212 Prodita
302 2161 373 2212 sunt
392 2157 476 2228 facto,
498 2157 619 2214 nomina
638 2175 712 2226 cara,
733 2175 806 2229 meo,

122 2254 197 2313 Cum
218 2254 281 2325 tibi,
303 2272 340 2310 ne
360 2254 455 2310 vietor
474 2258 551 2310 tecto
571 2272 714 2312 morerere
733 2271 862 2325 recurvo,

162 2351 244 2421 Quae
264 2354 398 2424 regerent
417 2367 527 2424 pessus,
548 2369 601 2425 pro
621 2350 694 2408 duee
714 2350 764 2407 ffla
783 2349 864 2408 dedi:

122 2451 197 2510 (ium
218 2447 426 2521 mihidieebus
447 2451 512 2523 ‘per
532 2467 584 2524 ego
603 2448 668 2523 ipse
687 2447 816 2524 pericula
835 2445 909 2518 iuro,

161 2545 202 2603 Te
221 2544 291 2616 fore,
312 2543 384 2601 dum
402 2550 534 2600 nostrum
554 2543 637 2601 vivet
656 2549 788 2619 uterque,
810 2542 922 2598 meam?

84 2655 107 2692 rs
120 2641 268 2712 Vivimus,
290 2648 320 2697 et
339 2658 399 2695 non
419 2658 492 2711 sum,
514 2640 635 2712 Theseu,
655 2638 744 2698 tue...
762 2638 794 2696 si
814 2637 900 2694 modo
919 2637 1010 2710 vivis,

160 2736 281 2793 Femina
300 2733 412 2811 periuri
430 2733 532 2792 fraude
552 2735 666 2811 sepulte
684 2733 749 2791 viri.
938 2786 940 2791 .

121 2830 173 2889 Me
193 2849 307 2908 quoque
326 2848 385 2906 qua
404 2830 531 2904 fratrem,
553 2836 714 2903 mactasses,
737 2828 876 2904 improbe,
898 2825 989 2884 cleve.

160 2926 246 2984 Esset
265 2945 354 3002 quam
373 2925 501 2998 dederas,
523 2931 616 2983 morte
636 2925 731 2983 solute
750 2925 855 2982 fides

169 3121 390 3185 55eincumtoque
403 3125 590 3187 torolaerpmis.
656 3122 686 3172 61
699 3121 864 3184 Numquam
874 3125 918 3171 est.
978 3119 1012 3173 69

122 3185 262 3250 Vpareute.
328 3189 502 3239 73etumr'hi.
