2122 3676
101 253 139 312 re
341 253 487 315 orron·
502 253 743 320 nrrsrunlr.
836 239 874 323 J
943 222 993 285 V

101 381 166 453 Vir,
189 397 298 454 precor,
319 381 414 453 uxori,
436 381 526 438 irater
546 400 680 440 succurre
700 383 809 445 sorori:

64 497 89 533 30
141 475 261 532 Instant
281 476 373 533 officio
392 477 512 534 nomina
531 477 602 534 bina
621 482 681 536 tuo.

102 569 154 626 Me
167 569 224 637 tibi
243 571 419 646 Tyndareus,
441 571 504 628 vita
523 572 622 646 gravis
642 578 744 630 auctor
764 578 795 632 et
814 573 908 648 annis,

141 668 288 727 Tradidit:
308 670 465 726 arbitrium
482 669 582 745 'neptis
602 670 728 728 habebat
747 691 828 732 avus

101 765 147 822 At
166 771 248 840 pater
267 765 414 823 Aeacidae
433 766 613 842 promiserat,
634 766 743 823 inscius
761 766 827 824 acti.

141 861 214 919 Plus
234 881 357 938 quoque,
377 863 430 938 qui
449 864 529 939 prior
549 869 593 920 est
613 863 722 935 ordine,
743 863 936 939 poscitum

64 975 88 1011 55
102 956 177 1013 Oum
196 957 254 1014 tibi
272 959 426 1029 nubebam,
447 957 523 1014 nulli
541 976 607 1014 mea
625 958 711 1014 taeda
730 958 889 1016 nocebat:-

141 1054 174 1111 δί
192 1054 298 1129 iungar
318 1053 440 1129 Pyrrho,
461 1059 496 1110 tu
515 1053 590 1109 mihi
609 1053 704 1110 laesus
724 1053 790 1111 eris.

101 1150 142 1206 Et
161 1156 244 1226 pater
263 1151 392 1226 ignoscet
412 1156 512 1207 nostro
532 1131 686 1206 Menelaus
705 1148 817 1209 amori:

141 1244 300 1302 Succubuit
320 1245 387 1302 telis
408 1245 552 1322 praepetis
572 1245 634 1320 ipse
655 1244 710 1302 dei„

101 1340 196 1409 Quem
216 1339 272 1395 sibi
291 1341 431 1415 permisit,
452 1360 559 1416 genero
579 1340 712 1397 concedit
731 1358 869 1398 amorem.

64 1463 89 1498 40
141 1437 277 1496 Proderit
297 1437 431 1512 exemplo
451 1447 545 1493 mater
564 1441 662 1492 amata
689 1454 749 1493 suc.

103 1537 148 1592 Tu
168 1535 252 1606 mihi,
274 1533 352 1608 quod
371 1533 459 1589 matri
479 1538 563 1608 pater
583 1538 627 1589 est
638 1551 647 1604 ;
669 1551 740 1608 quas
761 1537 861 1608 egerat
881 1531 954 1590 olim

141 1629 309 1686 Dardanius
329 1627 421 1702 partis
441 1627 561 1698 advena,
583 1626 718 1701 Pyrrhus
737 1627 806 1702 agit

102 1726 158 1787 Ille
178 1725 248 1782 licet
267 1724 370 1800 patriis
390 1723 452 1780 sine
472 1723 530 1779 fine
550 1721 699 1798 superbiat
719 1723 800 1779 actis.

141 1822 182 1878 Et
202 1827 236 1878 tu
257 1840 331 1897 quae
350 1821 457 1877 referas
477 1820 554 1876 facta
574 1818 711 1895 parentis,
733 1819 831 1875 habes.

64 1939 89 1974 45
103 1917 269 1974 Tantalides
289 1916 382 1973 omnis
402 1915 555 1990 ipsumque
575 1915 694 1991 regebat
713 1913 884 1971 Achillem:

143 2013 203 2070 Hic
222 2031 289 2089 pars
309 2012 441 2082 militiae,
464 2011 524 2067 dux
546 2016 609 2067 crat
628 2009 679 2066 ille
700 2009 815 2068 ducum.

103 2110 149 2166 Tu
162 2129 276 2185 quoque
289 2109 378 2165 habes
391 2127 532 2183 proavum
547 2107 686 2182 Pelopem
699 2106 875 2183 Pelopisque
888 2124 993 2181 paren-

144 2205 176 2262 si
195 2205 299 2260 melius
318 2222 462 2273 numeres,
484 2223 502 2260 a
522 2203 593 2259 Iove
615 2203 737 2278 quintus
757 2201 821 2259 eris
906 2199 992 2280 [tem.

104 2300 167 2357 Nec
186 2300 298 2356 virtute
318 2319 403 2356 cares.
441 2299 536 2355 Arma
555 2299 700 2355 invidiosa
718 2298 833 2356 tulisti:

66 2427 91 2463 50
144 2396 201 2454 Sed
221 2403 256 2453 tu
275 2395 347 2470 quid
366 2397 495 2452 faceres?
516 2396 615 2452 induit
634 2395 686 2452 illa
706 2402 797 2471 pater.

105 2490 232 2548 Materia
251 2491 357 2546 vellem
377 2490 461 2546 fortis
481 2491 600 2547 meliore
620 2490 731 2547 fuisses.

144 2587 215 2644 Non
234 2588 309 2643 lecta
328 2592 373 2642 est
393 2587 481 2662 operi,
503 2587 554 2643 sed
575 2586 645 2642 data
664 2605 751 2642 causa
771 2591 830 2643 tuo.

105 2684 193 2741 Hanc
213 2690 313 2740 tamen
332 2683 461 2758 implesti
469 2704 478 2756 3
498 2684 656 2758 iuguloque
676 2682 839 2757 Aegisthus
859 2686 963 2756 aperto

144 2782 232 2838 Tecta
252 2780 426 2851 cruentavit,
448 2799 522 2855 quae
542 2787 626 2855 pater
646 2784 714 2835 ante
734 2785 811 2835 tuus

68 2897 92 2934 55
105 2877 243 2953 Increpat
262 2877 412 2947 Aeacides
434 2877 606 2951 laudemque
627 2876 659 2932 in
680 2876 804 2932 crimina
823 2873 933 2933 vertit:

145 2972 186 3028 Et
205 2977 305 3029 tamen
325 2976 457 3047 aspectus
477 2971 603 3028 sustinet
623 2971 674 3027 ille
693 2989 779 3027 meos.

154 3121 186 3169 34
201 3121 327 3183 Vposset.
396 3121 427 3168 43
445 3121 559 3181 epatris.
630 3118 662 3166 44
680 3137 691 3167 ε
708 3134 771 3182 puae
788 3125 823 3166 tu.
895 3089 994 3167 48'est

106 3201 313 3298 prpppccrcsomoes.
350 3186 648 3235 Pasimedtosournerea.
720 3183 898 3244 50Vpotrem.
965 3184 994 3230 52
