2122 3676
170 232 237 292 III.
259 231 365 359 Elim
386 231 523 298 AOHJL.
565 233 621 296 IV.
643 232 763 297 Peru.
785 232 898 293 HIPP.
942 233 980 294 17

88 363 164 438 Aut,
188 352 336 423 eiveiiue
358 370 530 423 emortuus
553 370 598 424 eet
621 364 655 423 in
676 366 774 424 teedie
796 365 898 438 nostri,

129 463 224 534 Quam
245 462 360 522 sinete
381 462 459 540 cogis
479 463 588 536 vivere,
610 445 679 540 euge
700 463 784 522 mori.
828 458 829 462 ’
992 491 1029 528 140

88 557 194 636 thue
212 559 293 633 fecie,
314 577 404 636 eogeu
445 559 520 618 abiit
540 579 703 636 corpusque
722 559 858 636 colorque

128 654 261 714 Sustinet
280 655 334 713 hoe
353 656 468 714 unimue
487 675 552 733 spes
572 661 672 714 temen
691 647 753 714 une
771 654 836 714 tui:

88 751 155 823 Qua
173 751 200 810 ei
218 752 371 824 destituor,
390 758 522 830 repetam
540 753 702 830 fratresque
721 752 877 831 virumque
885 772 896 828 3

126 849 191 908 Nee
210 849 268 907 tibi
286 849 473 926 magnifieum
492 849 602 908 femine
621 849 700 908 iussu
718 851 801 911 mori.

30 933 34 940 ’
87 943 148 1002 (lur
167 949 266 1002 eutem
285 944 408 1005 iubeast
449 944 559 1004 Striete
578 950 646 1022 pete
666 964 786 1022 empore
805 947 896 1006 ferro:
990 975 1025 1013 14⁵

126 1041 182 1100 Est
201 1042 282 1116 mihi,
304 1044 356 1120 qui
375 1043 451 1102 fosso
470 1049 586 1122 pectere
606 1044 725 1121 sanguis
744 1049 800 1105 eut.

85 1137 138 1197 Me
157 1145 242 1217 petet
261 1140 312 1198 ille
330 1146 409 1215 tuus,
430 1142 490 1218 qui,
512 1142 538 1200 si
557 1142 612 1200 deu
631 1160 715 1218 paese
734 1142 847 1217 fuisset,

126 1236 214 1295 Ensis
233 1237 266 1295 in
284 1236 410 1297 Atridae
429 1244 532 1316 peetus
551 1239 650 1298 iturus
669 1246 740 1301 erut

84 1333 131 1393 A!
157 1335 256 1412 potius
275 1355 372 1395 serves
392 1341 531 1411 nostrum,
553 1341 606 1394 tua
624 1356 755 1408 munera,
775 1338 876 1400 vium

125 1429 211 1500 Quod
231 1430 351 1489 dederes
370 1430 450 1490 hosti
468 1432 572 1506 victor,
591 1433 687 1492 umiee
708 1453 788 1512 roge.
988 1459 1024 1496 1⁵0

83 1526 210 1587 Perdere
230 1548 303 1605 quoe
321 1528 427 1587 melius
446 1530 546 1606 poesie,
569 1529 723 1607 Neptunia
742 1531 884 1609 praebent

123 1622 273 1700 Pergama.
315 1624 470 1683 materiam
490 1626 586 1684 eredis
605 1627 643 1685 eb
662 1626 748 1686 hoste
768 1632 842 1705 pete

82 1719 136 1779 Me
154 1722 249 1794 modo,
270 1722 331 1782 sive
350 1732 437 1800 puras'
456 1723 606 1800 impellere
626 1725 735 1803 remige
755 1727 883 1798 classem,

122 1817 192 1878 Sive
211 1839 320 1895 menes,
341 1820 454 1880 domini
472 1822 538 1880 iure
557 1821 659 1881 venire
678 1823 753 1883 iube
845 1820 850 1830 '

422 2070 553 2144 yrv.

335 2222 498 2274 PHAEDRA
518 2223 720 2276 HIPPOLYro,

79 2332 160 2406 QUA,
180 2331 240 2391 nisi
258 2337 294 2392 tu
313 2333 435 2403 dederis,
456 2335 585 2392 eeritura
605 2339 650 2393 est
669 2335 733 2412 ipse
752 2334 877 2394 sulutem

118 2431 219 2490 Mittit
237 2431 399 2490 Amazonio
419 2431 523 2491 Cressa
541 2433 640 2509 puelle
659 2433 731 2493 viro.

77 2526 198 2606 Perlege
210 2531 415 2609 quodcumque
427 2536 481 2590 est.
517 2531 596 2601 Quid
610 2531 733 2609 epistole
745 2531 821 2590 lecte
832 2530 967 2590 uocebiti

117 2624 158 2684 Te
177 2644 293 2704 quoque
311 2627 345 2685 in
363 2627 418 2686 hae
437 2627 550 2705 aliquid
569 2627 649 2705 quod
668 2627 759 2701 iuvet,
782 2646 844 2686 esse
861 2632 965 2704 petest.
979 2659 990 2693 x,

77 2719 138 2780 Hie
157 2741 263 2781 arcena
281 2724 362 2782 notis
382 2730 462 2782 terra
480 2723 642 2801 pelagoque
661 2722 805 2781 feruntur.
981 2743 992 2784 ⁵

115 2813 241 2897 Inspicit
260 2827 392 2897 acceptes
411 2820 505 2880 hostis
524 2821 561 2878 eb
581 2819 666 2879 hoste
685 2825 779 2878 netas.

124 2965 266 3018 139Eeat.
327 2966 373 3016 142
386 2966 763 3018 eruettnetlmeeeuimi...mei.
796 2963 966 3015 Vlweauimi

78 3032 164 3082 ...titt
208 3030 241 3078 In
257 3033 394 3081 eemment.
411 3031 443 3081 V.
459 3030 522 3093 legit
538 3033 646 3080 animae.
728 3029 775 3078 143
791 3029 815 3079 V
831 3031 963 3079 deetituar.

76 3094 248 3144 144Euieea.
312 3096 359 3146 146
379 3097 475 3159 «sure.
547 3094 594 3146 149
614 3095 661 3144 EV
677 3101 714 3143 at.
747 3100 828 3143 caut.
860 3094 964 3144 Erite.

75 3158 124 3208 150
140 3177 152 3207 ε
168 3173 249 3220 quam.
282 3157 405 3211 Euentu.
471 3158 517 3208 153
539 3159 562 3207 E
585 3161 694 3221 implere.
765 3157 813 3207 154
835 3157 870 3207 eV
890 3172 964 3208 more.

77 3221 161 3273 1uev
171 3223 284 3274 saluum.
311 3223 474 3276 MPueulute.
519 3223 569 3272 ΒΕ
583 3237 634 3275 om.
647 3228 692 3272 eet.
725 3222 783 3275 leta.
823 3221 965 3272 mutuet.

156 3320 182 3364 ο.
866 3302 890 3360 ‘l
