2122 3676
179 153 266 256 1⁷11]ss
289 144 522 253 susumus.
564 194 624 252 m.
646 191 867 252 osismus.
919 191 955 250 49
987 286 989 289 v

68 324 172 400 thue
189 319 273 380 nefas
293 322 379 393 sensi,
400 320 475 378 mele
496 340 616 396 corpora
635 327 715 378 tecta
733 318 867 396 relinquo

107 420 151 478 Et
169 420 243 476 mihi
263 419 390 495 pollutas
410 418 512 474 credor
531 418 637 474 habere
657 436 768 474 manus.

69 515 161 591 Saepe
181 513 368 590 Neoptolemi
387 531 439 588 pro
459 513 579 570 nomine
597 531 705 570 nomen
725 511 839 570 Orestis
970 527 1005 564 11⁵

108 610 199 684 Exit3
219 616 249 667 et
269 628 397 675 errorem
417 609 497 666 vocis
516 615 551 666 ut
571 627 657 666 omen
676 627 749 668 amo.

68 710 128 767 Per
146 726 238 782 genus
257 706 363 763 infelix
382 705 447 762 iuro
467 705 639 780 generisque
659 709 818 781 parentem,

108 806 168 876 Qui
187 805 272 875 freta,
293 804 346 880 qui
364 809 457 860 terres
477 810 582 861 etsua
601 823 691 879 regna
711 803 825 880 quatit:

68 904 127 962 Per
147 902 240 978 patris
260 920 324 958 ossa
344 900 398 972 tui,
420 899 520 975 patrui
539 899 621 971 mihi,
643 918 717 976 quae
736 899 794 955 tibi
813 898 928 969 debent,

109 999 196 1071 Quod
215 1000 256 1056 sic
276 998 331 1055 sub
351 997 466 1054 tumulo
486 997 602 1054 fortiter
621 996 687 1052 ulta
705 997 819 1054 iacent:

68 1098 136 1155 Aut
155 1116 208 1174 ego
228 1095 414 1173 praemoriar,
435 1095 587 1170 primoque
607 1095 778 1170 exstinguar
797 1095 830 1150 in
849 1113 929 1164 aevo,

108 1193 177 1250 Aut
195 1210 249 1269 ego
268 1190 440 1248 Tantalidae
460 1189 591 1247 Tantalis
611 1209 687 1248 uxor
707 1209 784 1249 ero⁸¹

488 1464 547 1524 IX.

341 1655 507 1706 DEIANIRA
528 1656 689 1710 HERCULI.

70 1809 237 1868 GsAsunoa
257 1807 426 1868 Oechaliam
446 1811 543 1868 titulis
563 1813 697 1870 accedere
716 1815 844 1874 nostris:

110 1906 262 1965 Victorem
281 1907 377 1964 victae
396 1907 586 1965 subcubuisse
606 1927 718 1984 queror.

69 2003 163 2061 Fama
181 2003 366 2081 Pelasgiadas
385 2004 483 2062 subito
503 2005 638 2080 pervenit
657 2007 690 2063 in
710 2006 797 2065 urbes

110 2099 235 2158 Decolor
254 2105 285 2157 et
304 2099 389 2158 factis
409 2101 565 2158 infitianda
585 2101 653 2174 tuis,

71 2196 167 2266 Quem
186 2215 347 2272 numquam
367 2197 445 2254 Iunc
463 2197 609 2273 seriesque
628 2195 760 2253 inmenso
779 2197 911 2256 laborum
971 2195 983 2234 ⁵

17 2330 20 2346 .
111 2291 252 2368 Fregerit,
273 2291 342 2349 huic
362 2291 447 2348 Iolen
467 2292 630 2368 inposuisse
649 2292 758 2369 iugum.

70 2389 138 2447 Ηοο
157 2389 232 2447 velit
251 2388 442 2466 Euiystheus,
464 2390 538 2447 velit
557 2391 611 2449 hoc
630 2410 768 2467 germane
787 2392 936 2468 Tonantis,

110 2487 259 2563 Lectaque
278 2487 318 2557 sit
337 2486 417 2545 vitae
437 2486 504 2545 labe
524 2506 648 2546 noverca
667 2494 744 2547 tuae.

69 2584 116 2640 At
135 2602 196 2640 non
214 2583 265 2640 ille
284 2583 365 2655 velit,
387 2583 436 2640 cui
454 2601 551 2641 nox...
574 2584 617 2641 sic
637 2585 802 2643 creditur...
826 2605 885 2642 una

108 2679 180 2737 Non
199 2679 286 2752 tanti,
307 2685 343 2737 ut
361 2685 464 2738 tantus
483 2681 672 2757 conciperere,
693 2681 758 2740 fuit.

68 2775 142 2833 Plus
162 2775 218 2833 tibi
238 2795 326 2852 quam
346 2776 432 2849 Iuno,
452 2777 554 2834 nocuit
573 2777 694 2837 Venus:
721 2777 774 2834 illa
792 2778 949 2853 premendo
1037 2806 1041 2816 ·

108 2872 244 2944 Sustulit,
265 2873 336 2931 haec
356 2873 462 2930 humili
481 2874 536 2931 sub
556 2875 630 2950 pede
650 2873 725 2931 colla
745 2879 835 2932 tenet

116 3059 292 3124 1202unoe.
360 3063 571 3124 &Pelusiacae
637 3063 731 3114 tent
746 3077 811 3112 uuae
827 3063 872 3112 ille
889 3066 956 3113 ceum

67 3126 210 3239 ξοίὧοῧὲ.
245 3125 501 3177 Vuteouillcvects
513 3125 858 3190 cuinoxtierediturluno.
926 3128 956 3177 12

148 3293 175 3337 ο.
371 3287 372 3294 ’
858 3279 877 3336 4
