2122 3676
204 301 212 307 .
274 251 339 312 HI.
361 252 532 316 anisnis
549 254 734 316 seusana
918 257 955 315 rs

61 378 206 457 Quodque
227 397 439 454 supervacuum
460 386 514 455 eet,
536 381 631 441 forma
651 389 818 460 praestante
840 384 955 462 puellae
967 411 991 451 3⁵

102 473 250 549 Lesbides,
274 494 376 534 eversa
397 495 517 552 corpora
537 483 623 554 capta
646 479 746 538 domo:

62 571 195 649 Cumque
202 570 460 631 tcthis...e‹lnon
469 591 541 650 opus
549 578 593 631 est
600 573 658 631 tibi
665 573 955 652 coniuge...c0niunx

102 667 151 724 Ex
169 665 412 744 Agamemnoniis
434 687 495 726 una
516 668 614 745 puella
637 668 740 729 tribue.

62 762 99 820 Si·
114 762 172 824 tibi
191 762 228 820 ab
248 762 357 821 Atride
379 763 474 840 pretio
497 763 666 822 redimenda
686 764 815 839 fuissem,

103 857 186 928 Quae
208 857 277 916 dare
295 858 445 931 debueras,
468 858 596 936 accipere
619 859 671 917 illa
692 861 796 936 negaei

26 988 29 993 ·
62 956 130 1026 Qua
148 953 244 1012 merui
264 953 350 1030 culpe
373 955 438 1014 fleri
460 955 517 1013 tibi
539 955 615 1028 vilis,
639 955 774 1014 Achilles

102 1052 169 1123 Quo
191 1051 266 1110 levie
287 1070 305 1109 a
328 1051 412 1109 nobie
435 1057 496 1110 tam
518 1053 577 1111 cito
596 1052 674 1129 fugit
695 1054 794 1112 amori

61 1151 115 1205 An
136 1146 256 1204 miseros
276 1145 371 1204 tristis
394 1146 678 1223 fortunatenaciter
698 1153 793 1225 urget,

102 1244 166 1302 Nec
188 1243 272 1302 venit
294 1243 418 1320 inceptis
439 1244 555 1303 mollior
574 1243 647 1304 hora
666 1245 757 1304 meist

52 1344 172 1410 ‚Diruta
194 1349 289 1402 marte
309 1349 363 1400 tuo
384 1341 525 1417 Lyrnesia
547 1342 662 1400 moenia
682 1341 753 1416 vidi,

102 1440 143 1499 Et
162 1441 276 1500 fueram
298 1437 411 1516 patriae
433 1456 501 1514 pars
523 1457 575 1515 ego
595 1456 702 1516 magna
721 1457 810 1498 meae.

60 1538 138 1595 Vidi
161 1541 308 1595 consortes
327 1536 439 1613 pariter
460 1536 632 1612 generisque
654 1537 792 1613 necisque

102 1633 172 1690 Tres
195 1631 337 1691 cecidisse.
380 1632 484 1705 tribue,
508 1651 584 1709 quae
604 1630 687 1702 mihi,
708 1636 804 1689 mater
827 1637 896 1691 erat
999 1662 1001 1667 v

60 1730 145 1802 Vidi,
166 1733 295 1806 quantus
317 1732 388 1801 erat,
412 1729 512 1786 fusum
532 1727 638 1786 tellure
661 1734 791 1800 cruenta,

102 1824 225 1884 Pectora
247 1824 406 1882 iactantem
429 1824 652 1899 sanguinolenta
671 1823 777 1882 vuum.

60 1923 119 1981 Tot
140 1928 240 1980 umen
262 1920 376 1979 amissis
396 1924 428 1978 te
451 1920 701 1996 compensavimus
722 1940 832 1981 aunum:

101 2018 146 2077 Tu
170 2018 313 2092 dominus,
334 2023 370 2075 tu
387 2017 442 2089 vir,
466 2023 501 2074 tu
524 2016 598 2074 mihi
620 2017 712 2075 frater
733 2036 803 2075 eras.

59 2117 107 2173 Tu
126 2114 208 2187 mihi,
231 2114 346 2172 iuratus
368 2112 565 2190 pernumiae
587 2112 690 2171 matris
713 2132 846 2191 aquosae,

100 2211 187 2270 Utile
209 2209 324 2268 dicebas
346 2210 409 2287 ipse
432 2210 521 2268 fuisse
545 2211 646 2286 capi...
720 2238 724 2248 =

60 2305 178 2365 Scilicet
197 2311 241 2379 ut,
266 2304 401 2382 quamvis
422 2305 539 2363 veniam
562 2305 672 2378 dotata,
697 2307 830 2384 repellas,

100 2403 276 2461 Etruscum
298 2402 393 2478 fugias
416 2421 490 2478 quae
511 2402 567 2461 tibi
588 2402 704 2474 dantur,
730 2422 805 2478 opes.

59 2498 250 2569 Quinetiam
271 2497 348 2555 fama
371 2501 423 2570 cst,
448 2515 515 2554 cum
532 2497 660 2555 crastina
679 2497 794 2557 suberit
814 2516 870 2569 eos,

99 2593 141 2651 Te
162 2594 232 2652 dare
254 2592 398 2651 nubiferis
420 2592 513 2650 bntea
533 2592 609 2651 velle
630 2593 716 2651 notis.

57 2688 144 2758 Quod
164 2690 258 2747 scelus
278 2694 314 2746 ut
333 2687 455 2765 pavidas
475 2687 598 2746 miserae
618 2688 692 2745 mihi
715 2686 838 2764 contigit
855 2707 949 2764 auree,

98 2783 255 2864 Sanguinis
275 2789 365 2861 atque
387 2782 480 2841 animi
502 2788 604 2860 pectus
626 2783 714 2842 inane
735 2783 800 2843 fuit.
855 2820 859 2826 ·
961 2815 987 2855 ⁶0

104 3053 136 3102 et
152 3049 176 3098 E
195 3064 296 3112 cumque
314 3057 350 3100 tot
367 3051 407 3100 hie
423 3065 482 3114 epae
499 3057 535 3099 est
551 3052 600 3100 tibi
616 3052 717 3112 cumeae
739 3051 828 3100 addita
845 3052 945 3114 coepas.
995 3105 999 3109 ,

54 3115 175 3167 aeneia
239 3113 299 3164 ΕΝ
307 3116 408 3166 Atrida.
474 3114 649 3171 44EVaura.
716 3113 781 3162 45Ε
794 3121 845 3166 tua.
913 3116 946 3164 48

51 3178 166 3242 Paqaae
176 3185 327 3229 mecmater.
383 3178 497 3233 eene.
557 3177 782 3245 55E2Vrepeltcr.
843 3181 874 3230 57
886 3179 946 3230 ΕΝ

54 3244 123 3297 bera
192 3243 225 3292 58
235 3241 273 3291 Ee
284 3243 352 3293 liacc
361 3244 426 3295 uela.
461 3242 485 3293 V
495 3243 573 3292 liatec
584 3243 667 3305 pleae.
