2122 3676
100 253 138 313 26
338 249 482 309 OVIDII
498 244 743 307 amsuchan

99 385 148 442 A!
169 380 310 459 quotiens,
330 387 400 438 ‘cnm
420 386 450 438 te
469 385 559 440 vento
579 397 731 457 quererere
750 377 853 452 teneri,
921 381 924 385 ’

62 504 87 541 so
139 479 283 536 Riserunt
303 476 430 535 comites.
472 476 523 534 illc
543 476 686 534 secundus
705 479 776 533 erat
877 527 879 529 .

101 573 208 635 Oscula
227 572 362 630 dimissae
382 571 518 648 quotiens
537 572 663 647 repetita
681 569 796 642 dedisti,

140 671 236 740 Quam
255 669 308 727 vix
329 669 471 728 sustinuit
490 669 585 728 dicere
604 669 706 746 lingua
727 663 825 726 ‘vala’

100 768 186 826 Aura
203 767 279 826 levis
299 767 394 843 rigido
413 766 572 842 pendentia
592 766 685 824 lintea
705 764 783 822 malo

141 864 277 938 Suscitat,
300 870 331 923 et
351 865 439 924 remis
461 870 546 923 eruta
567 870 653 922 canet
673 881 756 939 aqua
848 860 850 863 ’

63 989 87 1026 55
100 961 264 1040 Prosequor
284 961 390 1021 infelix
410 960 501 1020 oculis
521 960 660 1019 abeuntia
681 959 756 1027 vela,

140 1058 206 1129 Qua
226 1059 304 1130 licet,
326 1062 357 1117 et
377 1056 504 1116 lacrimis
521 1063 606 1115 umet
626 1075 715 1114 arena
735 1053 814 1112 meis.

101 1153 205 1232 thue
225 1154 300 1213 celer
319 1154 428 1226 venias,
448 1153 558 1211 virides
576 1152 720 1211 Nereidas
741 1170 805 1209 oro:

141 1250 258 1309 Scilicet
278 1256 313 1308 ut
332 1250 433 1309 venias
452 1250 486 1306 in
505 1269 570 1308 mea
590 1249 697 1307 damna
716 1249 800 1306 celer.

101 1347 190 1404 Votis
210 1333 277 1424 ergo
298 1347 371 1404 meis
392 1345 444 1403 alii
463 1345 593 1404 rediture
612 1345 767 1405 redistil...

64 1465 89 1504 ⁶0
140 1443 180 1500 Ei
198 1443 281 1514 mihi,
299 1462 354 1520 pro
373 1439 438 1500 dira
456 1442 547 1517 pelice
567 1442 674 1500 blanda
693 1442 756 1502 fuil

101 1540 218 1617 Aspicit
237 1541 405 1598 inmensum
422 1537 513 1598 moles
532 1540 634 1597 nativa
652 1538 848 1615 profundum:

93 1691 97 1700 ,
140 1638 229 1695 Mons
249 1637 315 1697 fuit.
359 1635 509 1714 aequoreis
528 1635 581 1693 illa
599 1635 711 1694 resistit
729 1636 830 1713 aquis:

101 1703 185 1791 ilinc
204 1751 257 1810 ego
277 1731 343 1790 vela
364 1737 432 1790 tuae
452 1730 574 1808 cognovi
593 1732 689 1807 prima
708 1732 832 1807 carinae,

142 1830 183 1888 Et
202 1829 277 1887 milri
296 1849 348 1906 per
368 1828 474 1885 fluctus
494 1827 621 1904 impetus
641 1828 684 1885 ire
704 1827 769 1888 fuit.

66 1942 89 1988 65
103 1925 183 1982 Dum
202 1944 307 1999 moror,
328 1925 362 1982 in
382 1943 496 1983 summa
514 1923 599 1980 fulsit
618 1923 692 1980 mihi
711 1918 846 2001 purpura¹
860 1940 953 2001 prora
977 1941 980 1954 ¹

141 2022 294 2081 Pertimui
336 2023 434 2080 cultus
453 2040 513 2078 non
533 2026 598 2078 erat
616 2019 667 2078 ille
686 2026 764 2078 tuus

104 2118 153 2175 Fit
172 2120 299 2196 propior,
319 2124 469 2194 terrasque
484 2118 549 2174 >cita
567 2116 641 2174 ratis
660 2116 761 2193 attigit
780 2136 876 2175 aura:
977 2122 980 2148 '¹

143 2214 294 2271 Femineas
314 2214 377 2270 vidi
397 2213 481 2270 corde
502 2218 646 2270 tremente
665 2232 760 2289 genas.

103 2309 173 2368 Non
193 2309 263 2366 satis
283 2309 314 2366 id
333 2310 466 2366 fuerat...
479 2307 551 2383 quid
570 2308 648 2366 enim
669 2308 778 2366 furiosa
797 2306 984 2364 morabarl...

66 2439 90 2474 70
142 2404 293 2462 Haerebat
312 2403 422 2480 gremio
442 2403 537 2479 turpis
556 2403 649 2461 muira
663 2404 728 2462 tuo.

103 2503 184 2560 Tunc
202 2520 272 2558 vero
292 2499 417 2577 rupique
437 2501 569 2559 sinus'et
588 2506 704 2577 pectora
723 2499 836 2577 planxi,

143 2597 184 2653 Et
203 2594 283 2654 secui
301 2595 432 2653 madidas
452 2614 549 2671 ungue
568 2595 682 2671 rigente
702 2613 800 2671 genas,

104 2692 288 2768 Implevique
308 2710 420 2750 sacram
439 2691 569 2768 querulis
588 2691 750 2749 ululatibus
771 2691 853 2750 Iden.

143 2786 219 2842 Illuc
239 2785 297 2847 has,
311 2785 445 2844 lacrimas
465 2787 498 2844 in
517 2793 582 2844 mea
601 2805 671 2844 saxa
689 2785 754 2843 tuli.

68 2912 91 2949 75
104 2881 152 2939 Sic
172 2881 288 2939 Helene
308 2880 413 2955 doleat,
434 2883 605 2957 descmaque
625 2881 747 2957 coniuge
765 2881 869 2957 ploret,

144 2977 283 3052 Quaeque
302 2979 383 3054 prior
401 2977 487 3035 nobis
506 2978 619 3053 intulit,
640 2978 704 3054 ipsa
723 2978 807 3036 ferat.

153 3116 183 3163 52
195 3117 282 3177 equod
291 3117 342 3164 oin.
403 3114 433 3162 53
445 3115 587 3177 ePhryqio·
652 3114 858 3176 ddequodlicet.
925 3111 991 3162 tin

104 3181 217 3230 Nereius.
279 3178 441 3227 sonestur:
496 3178 734 3240 63eprimc...celc.
795 3177 991 3228 69Emoralcr.

105 3244 261 3293 73E1dcm.
326 3241 530 3293 limniscus.-
964 3260 966 3263 ·
