2122 3676
233 256 321 318 VJJL
341 253 571 316 HERMIONE
591 252 785 331 ORESPAE.
921 255 959 310 45
1016 329 1019 333 .

464 525 558 586 VIII.

329 694 515 745 nnauroun
534 693 696 746 oansrm.
802 750 804 759 ,

66 833 216 896 PYRRHUS
235 830 407 904 Achillides,
430 831 578 888 animosus
598 830 727 907 imagine
747 832 846 907 patris,
864 840 867 851 '

107 929 256 986 Inclusam
276 933 378 984 eontra
397 928 501 1002 iusque
521 928 660 1003 piumque
679 932 769 986 tenet.

67 1023 154 1093 Quod
175 1022 266 1098 potui,
287 1023 382 1096 renui,
403 1042 441 1078 ne
461 1041 521 1078 non
541 1021 637 1078 invita
656 1027 781 1084 tenerer.
971 1047 982 1084 5

109 1118 215 1175 Cetera
234 1116 377 1173 femineae
396 1136 457 1173 non
476 1116 595 1172 valuere
615 1135 727 1174 manue.

68 1213 168 1284 ‘Quid
190 1213 270 1285 facis,
291 1213 440 1270 Aeacidel
459 1232 520 1268 non
540 1230 606 1269 sum
626 1211 689 1268 sine
708 1211 842 1269 vindice’
863 1211 946 1269 dixi:

107 1313 210 1380 ‘Haeo
229 1311 286 1368 tibi
306 1312 360 1368 sub
381 1310 497 1368 domino
518 1315 570 1381 est,
593 1308 715 1383 Pyrrhe,
736 1309 834 1384 puella
854 1310 923 1367 suo!

66 1408 190 1468 Surdior
208 1407 258 1463 ille
278 1407 353 1464 freto
374 1407 548 1463 clamantem
568 1423 676 1461 nomen
697 1404 809 1461 Orestis
966 1407 967 1410 ’

55 1495 58 1500 ’
106 1503 210 1560 Traxit
229 1503 374 1559 inornatis
393 1502 426 1557 in
447 1521 500 1558 sua
520 1507 598 1558 tecta
619 1500 716 1559 comis.

68 1601 148 1671 Quid
167 1599 285 1675 gravim
305 1605 391 1674 capta
410 1598 626 1676 Lacedaemone
646 1616 729 1654 serva
749 1596 891 1669 tulissem,
999 1597 1002 1602 ’

109 1692 142 1750 Si
160 1697 276 1767 raperet
297 1691 399 1748 Graias
418 1690 542 1746 barbara
563 1688 651 1746 turba
670 1691 784 1746 nurusl

67 1786 189 1845 Parcius
209 1785 436 1844 Andromachen
456 1783 577 1840 vexavit
597 1781 710 1838 Achaia
724 1781 848 1852 uictrix,

108 1882 183 1939 (lum
203 1881 324 1938 Danaus
345 1879 491 1954 Phrygias
512 1883 611 1933 ureret
630 1876 707 1952 ignis
727 1895 803 1952 opes.

67 1978 113 2034 At
133 1983 185 2048 tu,
198 1994 268 2033 eura
288 1975 347 2032 mei
366 1974 392 2031 si
411 1981 441 2030 to
461 1973 510 2048 pia
530 1971 634 2046 tangit,
659 1970 770 2041 Oreste,
973 2003 995 2038 ις

106 2069 190 2127 Inice
209 2088 270 2126 non
289 2068 407 2126 timidas
427 2067 461 2122 in
480 2073 533 2122 tua
553 2066 618 2122 iura
645 2084 755 2124 manus.

67 2168 121 2224 An
140 2166 232 2242 siquis
252 2165 349 2241 rapiat
369 2162 492 2222 stabulis
512 2167 644 2219 armenta
671 2161 798 2232 reclusis,

106 2265 202 2321 Arma
221 2263 304 2334 feras,
326 2267 410 2338 rapta
430 2261 553 2336 coniuge
572 2260 670 2316 lentus
691 2260 766 2316 erisl

66 2359 99 2416 si
119 2378 199 2416 socer
218 2357 350 2434 exemplo
370 2363 480 2432 nuptae
501 2355 642 2431 repetitor
662 2355 823 2431 ademptae,

106 2456 211 2531 Nupta
230 2455 305 2510 foret
326 2453 429 2510 Paridi
448 2458 549 2523 mater,
571 2458 606 2508 ut
626 2458 694 2508 ante
714 2451 781 2508 fuit.

66 2549 131 2608 Neo
150 2556 185 2607 tu
205 2549 285 2606 mille
305 2554 382 2606 rates
403 2548 576 2623 sinuosaque
596 2549 662 2604 vela
681 2548 793 2623 pararis
802 2570 811 2623 3

107 2643 171 2700 Nee
191 2661 326 2700 numeros
347 2642 445 2716 Danai
463 2643 575 2701 militis.
616 2643 678 2717 ipse
697 2642 783 2700 veni!

67 2740 115 2797 Sic
132 2758 246 2815 quoque
264 2759 344 2797 eram
362 2740 519 2815 repetenda
538 2746 656 2796 tamen:
674 2760 727 2798 nec
740 2747 827 2816 turpe
840 2741 954 2813 marito,
971 2771 994 2808 25

106 2835 221 2909 Aspera
239 2854 292 2909 pro
313 2854 379 2891 caro
399 2834 476 2892 bella
495 2835 597 2897 tulisse
616 2840 688 2894 toro.
988 2841 991 2846 ’

68 2931 155 3003 Quid,
177 2931 255 3006 quod
275 2949 348 2988 avus
368 2930 451 2988 nobis
470 2931 548 2988 idem
570 2931 723 3006 Pelopeius
743 2930 863 3004 Atreus,

107 3026 156 3098 Et,
178 3025 284 3084 sinon
304 3045 380 3084 esses
400 3027 447 3084 vir
466 3026 548 3099 mihi,
571 3027 662 3083 frater
682 3028 767 3086 erasi

114 3182 229 3243 311111
237 3182 311 3243 potui
317 3181 378 3244 feei.
453 3183 600 3230 destineat.
676 3181 706 3231 19
719 3180 752 3230 eV
763 3184 804 3232 sit.
881 3182 957 3233 arev

66 3260 199 3295 1111111111.
