2122 3676
177 227 276 288 XIII.
305 228 522 290 LAODAMIA
551 228 816 291 PROTESILAO.
907 222 944 283 75

56 356 180 416 Troasin
199 357 324 431 invidae,
345 377 422 434 quae
440 360 482 418 sic
502 359 653 418 lacrimosa
672 379 790 418 suorum

97 451 214 508 Funera
233 451 418 526 conspicient,
439 471 493 510 nec
512 453 613 528 procul
632 453 726 510 hostis
745 451 810 510 erit.

57 546 128 624 Ipsa
147 546 208 604 suia
227 546 363 623 manibus
382 548 452 605 ferti
471 567 549 606 nova
568 554 662 625 nupta
681 549 787 605 marito

97 643 236 719 Impenet
254 644 367 720 galeam
386 644 566 721 barbaraque
586 664 667 702 arma
687 645 776 704 dabit.
959 669 995 705 140

57 740 152 799 Arma
172 739 264 812 dabit,
278 739 407 816 dumque
420 759 500 798 arma
513 741 604 812 dabit,
618 742 705 799 simul
719 738 816 799 oscula
833 745 945 798 sumet:

97 832 165 890 Hoc
183 851 277 909 genua
297 832 383 889 officii
403 832 488 890 dulce
508 834 622 891 duobus
642 834 733 892 erit...

56 928 260 1005 Producetque
280 928 386 1002 virum,
408 929 491 986 dabit
511 936 541 988 et
560 932 697 988 mandata
717 931 833 1003 reverti,

98 1024 138 1081 Et
158 1025 235 1082 dicet
256 1025 380 1083 ‘referas
398 1025 457 1083 ieta
476 1025 521 1084 fac
541 1046 622 1084 arma
642 1025 738 1084 Iovil'

56 1123 122 1197 Ille,
144 1123 239 1182 ferens
259 1125 392 1183 dominae
411 1126 551 1184 mandata
569 1127 699 1184 recentia
717 1145 815 1185 secum
958 1145 994 1184 14⁵

97 1219 247 1297 Pugnabit
267 1227 359 1292 caute,
381 1221 572 1298 respicietque
592 1222 718 1281 domum.

56 1316 158 1374 Exuet
176 1315 247 1374 haec
260 1315 367 1374 ‘reduci
385 1317 519 1393 clipeum,
540 1318 709 1396 galeamque
729 1319 863 1391 resolvet,

98 1411 293 1490 Excipietque
312 1431 366 1470 sue
385 1433 504 1491 corpora
523 1413 599 1472 laesa
617 1416 692 1476 sinu.

55 1507 120 1566 Nos
140 1527 240 1566 eumue
259 1509 395 1568 incertae.
436 1529 491 1569 noe
510 1511 616 1570 anxius
635 1512 733 1569 omnia
752 1512 837 1589 cogit,

96 1604 179 1674 Quae
198 1612 320 1682 pessunt
339 1605 410 1681 fieri,
432 1607 509 1666 facta
528 1614 631 1685 putare
651 1610 747 1668 timor.
958 1626 994 1662 150

55 1701 139 1760 Dum
158 1706 258 1759 tamen
277 1721 359 1760 arma
378 1722 460 1780 geres
481 1703 596 1762 diverso
615 1703 700 1762 miles
720 1704 753 1762 in
772 1705 849 1776 orbe,

97 1795 179 1866 Quae
198 1796 306 1854 referat
325 1797 426 1855 vultus
446 1803 491 1856 cst
512 1798 586 1856 mihi
605 1817 671 1856 cera
690 1805 762 1857 tucn

55 1889 108 1948 Illi
128 1889 293 1964 blanditias,
316 1891 362 1949 illi
381 1892 439 1950 tibi
458 1892 559 1951 debita
578 1894 668 1951 verba

97 1986 239 2059 Dicimus,
260 1988 411 2065 amplexus
431 1989 537 2065 accipit
555 1988 607 2047 illa
626 2007 713 2048 mace.

56 2082 151 2141 Orede
170 2083 252 2158 mihi,
273 2083 339 2160 plus
359 2090 404 2142 est
423 2103 512 2162 quam
532 2085 610 2161 qued
629 2085 765 2143 videatur
784 2085 893 2161 imago:
957 2102 992 2138 ¹55

96 2179 184 2239 Adde
203 2199 307 2238 cenum
327 2199 417 2254 cerae,
440 2181 620 2240 Promilaus
640 2181 706 2239 e1it.

56 2277 146 2336 Hanc
165 2283 271 2355 specto,
293 2285 435 2356 teneoque
454 2281 522 2338 sinu
542 2299 595 2356 pro
614 2273 737 2356 coniuge
755 2298 833 2352 vero,

97 2374 145 2447 Et,
167 2380 317 2452 tamquam
337 2377 430 2453 pessit
451 2377 542 2434 verba
562 2378 676 2450 referre,
698 2396 810 2453 queror.

55 2473 116 2532 Per
135 2473 248 2532 reditus
266 2492 427 2550 corpusque
446 2481 540 2547 tuum,
563 2492 628 2531 mea
648 2475 778 2546 numina,
803 2473 877 2544 iure,

97 2570 212 2646 Perque
232 2587 318 2646 parea
339 2570 431 2628 animi
452 2570 638 2648 coniugiique
660 2570 745 2642 facea,
770 2567 772 2572 ’
957 2567 994 2606 ¹⁶0

56 2666 181 2743 Perque,
204 2667 283 2743 quod
304 2672 339 2724 ut
361 2666 477 2725 videam
498 2666 578 2726 canis
600 2667 698 2727 albere
720 2666 841 2743 capillis,

97 2762 183 2833 Quod
203 2767 301 2820 tecum
323 2762 416 2840 pessis
438 2762 500 2840 ipse
521 2762 638 2836 rerem,
662 2768 758 2841 caput,

55 2857 110 2917 Me
132 2857 189 2916 tibi
211 2864 369 2917 venturam
389 2860 534 2934 comitem,
559 2879 741 2937 quecumque
760 2859 881 2931 vocaris,

97 2954 203 3015 Sive...
226 2957 304 3032 quod
325 2957 383 3015 heu
406 2957 503 3030 timec,
527 2957 590 3016 aive
612 2963 758 3034 superstes
778 2959 842 3017 erin

59 3052 176 3112 Ultima
197 3054 335 3113 mandato
357 3054 509 3113 claudetur
529 3055 655 3131 epistula
676 3071 785 3130 parvo:
958 3072 992 3116 1⁶⁵

96 3149 130 3208 si
149 3149 208 3208 tibi
229 3170 299 3210 cura
321 3150 388 3223 mei,
410 3150 451 3209 sit
472 3151 528 3209 tibi
549 3170 618 3209 cura
639 3149 706 3209 tui!

105 3262 153 3316 187
164 3263 199 3313 Ν
210 3263 331 3313 Troadar.
390 3262 438 3316 147
449 3262 483 3312 eV
493 3268 615 3313 cccrctct.
674 3261 721 3312 166
733 3260 815 3312 ellan
833 3262 945 3313 att...a·r

54 3327 129 3378 urta
160 3326 198 3377 Pe
207 3329 231 3378 ri
242 3329 290 3378 titt
300 3341 314 3379 e
323 3327 441 3378 nonnuli.
452 3327 524 3382 codd.
537 3327 580 3378 eni
589 3326 727 3379 assentior.
