2122 3676
129 265 167 322 44
366 262 511 322 OVIDII
528 262 769 327 EPISTULAE.

127 396 252 471 Tempus
271 401 307 452 ut
327 395 484 468 observem,
505 397 612 453 mendo
631 397 711 455 mihi.
756 397 848 456 serius
868 399 933 470 ibis,

167 489 231 546 Nec
251 493 290 561 te,
312 490 337 546 si
357 491 462 566 cupies,
483 491 547 566 ipso
566 510 684 548 manere
703 492 804 551 sinam.

56 610 101 647 »ης
128 585 169 642 Et
188 585 260 642 socii
278 586 406 662 requiem
427 592 557 662 poscunt,
579 586 746 663 laniataque
766 589 864 648 classis

165 682 300 739 Postulat
319 684 440 758 exiguos
459 683 639 741 semirefecta
658 704 761 743 moras.

126 775 185 834 Pro
204 778 317 835 meritis
338 784 368 835 ct
388 779 471 854 sique
482 763 547 836 'tibi
566 779 735 837 debebimus
754 782 842 854 ultro,

164 874 223 930 Pro
244 893 294 949 spe
315 875 443 950 coniugii
462 881 593 950 tempora
612 895 704 951 parva
722 883 811 953 peto:

125 968 205 1024 Dum
225 968 302 1026 freto
322 969 484 1026 mitescunt
502 976 533 1027 et
553 990 641 1044 amor,
663 972 734 1029 dum
753 978 884 1048 tempore
904 979 935 1032 et
954 994 1015 1034 usu

63 1084 99 1121 180
163 1067 294 1124 Fortiter
313 1067 407 1124 edisco
427 1067 526 1124 tristis
544 1087 627 1143 posse
646 1068 717 1144 peti.

124 1161 156 1218 Si
175 1163 280 1231 minus,
301 1167 346 1219 est
366 1162 482 1218 animus
501 1163 585 1219 nobis
605 1163 751 1221 effundere
771 1165 872 1238 vitam,

162 1257 201 1313 In
220 1276 267 1314 me
287 1257 412 1314 crudelis
431 1276 492 1313 non
511 1264 595 1332 potes
615 1278 675 1315 esse
695 1259 755 1316 diu.

121 1352 256 1428 Aspicies
275 1352 399 1422 utinam,
421 1371 495 1427 quae
514 1353 555 1409 sit
574 1353 727 1409 scribentis
745 1352 860 1429 imago:

161 1448 328 1520 Scribimus,
350 1454 380 1505 et
399 1447 509 1522 gremio
528 1447 648 1504 Troicus
668 1448 746 1505 ensis
766 1450 866 1521 odest3

72 1562 107 1609 185
122 1544 235 1620 Perque
254 1564 342 1620 genas
362 1544 498 1601 lacrimae
517 1543 652 1600 strictum
673 1545 814 1602 labuntur
833 1546 866 1602 in
886 1565 996 1618 ensem,
1034 1556 1036 1561 '

159 1638 218 1706 Qui
236 1639 296 1696 iam
315 1658 367 1714 pro
387 1638 513 1695 lacrimis
533 1638 673 1713 sanguine
694 1638 806 1696 tinctus
827 1639 891 1698 erit
1027 1654 1049 1739 s

120 1735 215 1804 Quem
234 1738 307 1794 bene
327 1735 505 1793 conveniunt
524 1730 584 1791 fato
603 1742 657 1791 tuo
677 1744 799 1792 munero
817 1734 936 1794 nostro!

158 1833 286 1891 Instruis
306 1833 437 1908 impense
456 1838 558 1888 nostra
577 1831 729 1905 sepulchre
755 1832 844 1890 brevi

118 1929 182 1988 Nec
202 1950 265 1988 meo
285 1951 363 1988 nunc
383 1931 512 2006 primum
532 1929 680 1986 feriuntur
698 1933 817 2002 pectore
836 1930 914 1986 telo:

69 2053 105 2088 190
157 2027 212 2084 Ille
232 2028 311 2085 locus
331 2028 412 2084 saevi
431 2027 540 2082 vulnus
560 2025 665 2082 amoris
686 2026 783 2082 habet.

71 2125 75 2130 '
116 2121 205 2177 Anna
226 2141 315 2192 soror,
337 2141 417 2179 soror
437 2121 535 2191 Anna,
558 2139 638 2176 meae
658 2119 733 2175 male
753 2118 867 2176 conscio
891 2120 1002 2196 culpae,

156 2215 220 2271 Iam
242 2217 323 2272 dabis
343 2219 375 2272 in
395 2217 507 2272 cineres
526 2214 631 2271 ultima
652 2215 728 2271 donc
747 2235 834 2275 meos,

116 2311 180 2368 Nec
201 2319 371 2388 consumpta
391 2314 468 2386 rogis
488 2313 629 2368 inscribar
650 2313 746 2370 Elissa
767 2313 898 2386 Sychaei,

156 2409 222 2466 Hoc
242 2415 341 2466 tamen
360 2410 393 2466 in
412 2410 521 2466 tumuli
541 2428 684 2468 marmore
704 2428 820 2467 carmen
841 2411 898 2468 crit

67 2529 102 2566 195
117 2505 274 2562 ‘Praebuit
294 2507 411 2562 Aeneas
431 2511 461 2562 et
481 2525 597 2561 causam
617 2505 719 2562 mortis
740 2510 770 2562 et
790 2525 895 2562 ensem.

154 2598 224 2675 Ipso
243 2618 297 2656 sua
316 2599 395 2656 Dido
416 2599 542 2656 concidit
561 2618 614 2655 usa
633 2598 749 2669 manu’

163 2773 209 2824 174
224 2789 348 2836 recuperes.
399 2775 445 2827 179
458 2777 616 2824 renitescant.
651 2771 899 2836 themperot'usum.
950 2774 1000 2824 lsc

115 2837 149 2885 eV
160 2839 272 2887 ediscant.
307 2838 348 2886 An
362 2837 496 2899 legendum
508 2842 546 2886 est
556 2841 623 2886 Dum
632 2840 703 2901 freto
715 2841 844 2886 mitescunt
859 2845 883 2886 et
893 2853 1001 2888 amorem

115 2909 232 2961 temperat
242 2917 300 2950 usur
311 2905 420 2950 Fortiter
430 2905 544 2960 edictam,
557 2905 619 2951 etc?
676 2903 723 2951 184
735 2904 785 2951 ein
794 2904 895 2963 yremio.
952 2903 1001 2954 192

113 2966 214 3014 edocit.
286 2967 332 3016 195
345 2969 462 3014 eAeneos
472 2969 543 3016 miti.
