<?xml version="1.0" encoding="UTF-8"?>
<!DOCTYPE html PUBLIC "-//W3C//DTD XHTML 1.0 Transitional//EN"
    "http://www.w3.org/TR/xhtml1/DTD/xhtml1-transitional.dtd">
<html xmlns="http://www.w3.org/1999/xhtml" xml:lang="en" lang="en">
 <head>
  <title>
</title>
<meta http-equiv="Content-Type" content="text/html;charset=utf-8" />
  <meta name='ocr-system' content='tesseract 3.04.00' />
  <meta name='ocr-capabilities' content='ocr_page ocr_carea ocr_par ocr_line ocrx_word'/>
</head>
<body>
  <div class='ocr_page' id='page_1' title='image "./heroidumepistul00shucgoog_0115.png"; bbox 0 0 2122 3676; ppageno 0'>
   <div class='ocr_carea' id='block_1_1' title="bbox 106 221 754 284">
    <p class='ocr_par' dir='ltr' id='par_1_1' title="bbox 106 221 754 284">
     <span class='ocr_line' id='line_1_1' title="bbox 106 221 754 284; baseline 0.005 -3"><span class='ocrx_word' id='word_1_1' title='bbox 106 221 144 281; x_wconf 85' lang='grc'><strong>76</strong></span> <span class='ocrx_word' id='word_1_2' title='bbox 344 222 487 283; x_wconf 86' lang='lat' dir='ltr'><em>OVIDII</em></span> <span class='ocrx_word' id='word_1_3' title='bbox 507 224 754 284; x_wconf 63' lang='lat' dir='ltr'><strong>artaretur.</strong></span> 
     </span>
    </p>
   </div>
   <div class='ocr_carea' id='block_1_2' title="bbox 503 483 594 542">
    <p class='ocr_par' dir='ltr' id='par_1_2' title="bbox 503 483 594 542">
     <span class='ocr_line' id='line_1_2' title="bbox 503 483 594 542; baseline -0.011 0"><span class='ocrx_word' id='word_1_4' title='bbox 503 483 594 542; x_wconf 85' lang='lat' dir='ltr'><strong>XIV.</strong></span> 
     </span>
    </p>
   </div>
   <div class='ocr_carea' id='block_1_3' title="bbox 324 649 760 700">
    <p class='ocr_par' dir='ltr' id='par_1_3' title="bbox 324 649 760 700">
     <span class='ocr_line' id='line_1_3' title="bbox 324 649 760 700; baseline 0.005 -2"><span class='ocrx_word' id='word_1_5' title='bbox 324 649 601 699; x_wconf 79' lang='lat' dir='ltr'><strong>HYPERMNESTRA</strong></span> <span class='ocrx_word' id='word_1_6' title='bbox 618 649 760 700; x_wconf 79' lang='lat' dir='ltr'><strong>LYNOEO.</strong></span> 
     </span>
    </p>
   </div>
   <div class='ocr_carea' id='block_1_4' title="bbox 104 765 957 842">
    <p class='ocr_par' dir='ltr' id='par_1_4' title="bbox 104 765 957 842">
     <span class='ocr_line' id='line_1_4' title="bbox 104 765 957 842; baseline 0.005 -18"><span class='ocrx_word' id='word_1_7' title='bbox 104 766 219 824; x_wconf 79' lang='lat' dir='ltr'><strong>Mss&#39;rl&#39;r</strong></span> <span class='ocrx_word' id='word_1_8' title='bbox 240 765 472 842; x_wconf 83' lang='lat' dir='ltr'><strong>Hypermnestra</strong></span> <span class='ocrx_word' id='word_1_9' title='bbox 498 767 534 823; x_wconf 90' lang='lat' dir='ltr'><strong>de</strong></span> <span class='ocrx_word' id='word_1_10' title='bbox 558 772 604 824; x_wconf 89' lang='lat' dir='ltr'><strong>tot</strong></span> <span class='ocrx_word' id='word_1_11' title='bbox 625 766 710 824; x_wconf 86' lang='lat' dir='ltr'><strong>modo</strong></span> <span class='ocrx_word' id='word_1_12' title='bbox 732 767 873 825; x_wconf 77' lang='lat' dir='ltr'><strong>fratribus</strong></span> <span class='ocrx_word' id='word_1_13' title='bbox 895 769 957 828; x_wconf 85' lang='lat' dir='ltr'><strong>uni.</strong></span> 
     </span>
    </p>
   </div>
   <div class='ocr_carea' id='block_1_5' title="bbox 104 863 940 1031">
    <p class='ocr_par' dir='ltr' id='par_1_5' title="bbox 104 863 940 1031">
     <span class='ocr_line' id='line_1_5' title="bbox 144 863 783 940; baseline 0.002 -19"><span class='ocrx_word' id='word_1_14' title='bbox 144 863 247 921; x_wconf 81' lang='lat' dir='ltr'><strong>Cetera</strong></span> <span class='ocrx_word' id='word_1_15' title='bbox 270 870 429 940; x_wconf 87' lang='lat' dir='ltr'><strong>nuptarum</strong></span> <span class='ocrx_word' id='word_1_16' title='bbox 450 863 570 921; x_wconf 88' lang='lat' dir='ltr'><strong>crimine</strong></span> <span class='ocrx_word' id='word_1_17' title='bbox 594 865 680 921; x_wconf 84' lang='lat' dir='ltr'><strong>turba</strong></span> <span class='ocrx_word' id='word_1_18' title='bbox 700 864 783 922; x_wconf 83' lang='lat' dir='ltr'><strong>iacet</strong></span> 
     </span>
     <span class='ocr_line' id='line_1_6' title="bbox 104 952 940 1031; baseline 0.004 -18"><span class='ocrx_word' id='word_1_19' title='bbox 104 955 210 1013; x_wconf 77' lang='lat' dir='ltr'><strong>Clausa</strong></span> <span class='ocrx_word' id='word_1_20' title='bbox 231 952 316 1014; x_wconf 80' lang='lat' dir='ltr'><strong>ddmo</strong></span> <span class='ocrx_word' id='word_1_21' title='bbox 340 961 441 1014; x_wconf 83' lang='lat' dir='ltr'><strong>teneor</strong></span> <span class='ocrx_word' id='word_1_22' title='bbox 462 955 656 1031; x_wconf 80' lang='lat' dir='ltr'><strong>gravibusque</strong></span> <span class='ocrx_word' id='word_1_23' title='bbox 669 956 793 1013; x_wconf 86' lang='lat' dir='ltr'><strong>coercita</strong></span> <span class='ocrx_word' id='word_1_24' title='bbox 812 956 940 1017; x_wconf 87' lang='lat' dir='ltr'><strong>vinclis:</strong></span> 
     </span>
    </p>
   </div>
   <div class='ocr_carea' id='block_1_6' title="bbox 77 1052 909 1224">
    <p class='ocr_par' dir='ltr' id='par_1_6' title="bbox 77 1052 909 1224">
     <span class='ocr_line' id='line_1_7' title="bbox 143 1052 780 1130; baseline 0 -20"><span class='ocrx_word' id='word_1_25' title='bbox 143 1053 199 1111; x_wconf 83' lang='lat' dir='ltr'><strong>Est</strong></span> <span class='ocrx_word' id='word_1_26' title='bbox 218 1053 292 1110; x_wconf 88' lang='lat' dir='ltr'><strong>mihi</strong></span> <span class='ocrx_word' id='word_1_27' title='bbox 312 1052 447 1130; x_wconf 85' lang='lat' dir='ltr'><strong>supplicii</strong></span> <span class='ocrx_word' id='word_1_28' title='bbox 469 1071 562 1123; x_wconf 88' lang='lat' dir='ltr'><strong>causa,</strong></span> <span class='ocrx_word' id='word_1_29' title='bbox 585 1052 674 1110; x_wconf 86' lang='lat' dir='ltr'><strong>fuisse</strong></span> <span class='ocrx_word' id='word_1_30' title='bbox 695 1053 780 1130; x_wconf 86' lang='lat' dir='ltr'><strong>piam.</strong></span> 
     </span>
     <span class='ocr_line' id='line_1_8' title="bbox 77 1148 909 1224; baseline 0.001 -16"><span class='ocrx_word' id='word_1_31' title='bbox 77 1148 188 1218; x_wconf 84' lang='lat' dir='ltr'><strong>sQuod</strong></span> <span class='ocrx_word' id='word_1_32' title='bbox 209 1168 312 1206; x_wconf 89' lang='lat' dir='ltr'><strong>manus</strong></span> <span class='ocrx_word' id='word_1_33' title='bbox 333 1149 471 1207; x_wconf 85' lang='lat' dir='ltr'><strong>extimuit</strong></span> <span class='ocrx_word' id='word_1_34' title='bbox 491 1149 591 1224; x_wconf 81' lang='lat' dir='ltr'><strong>iugulo</strong></span> <span class='ocrx_word' id='word_1_35' title='bbox 615 1149 767 1208; x_wconf 73' lang='lat' dir='ltr'>demittere</span> <span class='ocrx_word' id='word_1_36' title='bbox 789 1151 909 1223; x_wconf 82' lang='lat' dir='ltr'><strong>famum,</strong></span> 
     </span>
    </p>
   </div>
   <div class='ocr_carea' id='block_1_7' title="bbox 63 1245 976 3049">
    <p class='ocr_par' dir='ltr' id='par_1_7' title="bbox 63 1245 976 3049">
     <span class='ocr_line' id='line_1_9' title="bbox 143 1245 837 1318; baseline 0.003 -16"><span class='ocrx_word' id='word_1_37' title='bbox 143 1245 214 1302; x_wconf 82' lang='lat' dir='ltr'><strong>Sum</strong></span> <span class='ocrx_word' id='word_1_38' title='bbox 236 1265 302 1302; x_wconf 90' lang='lat' dir='ltr'><strong>rea:</strong></span> <span class='ocrx_word' id='word_1_39' title='bbox 322 1245 463 1318; x_wconf 87' lang='lat' dir='ltr'><strong>laudarer,</strong></span> <span class='ocrx_word' id='word_1_40' title='bbox 485 1245 511 1301; x_wconf 88' lang='lat' dir='ltr'><strong>si</strong></span> <span class='ocrx_word' id='word_1_41' title='bbox 532 1245 623 1302; x_wconf 89' lang='lat' dir='ltr'><strong>scelus</strong></span> <span class='ocrx_word' id='word_1_42' title='bbox 647 1265 718 1302; x_wconf 87' lang='lat' dir='ltr'><strong>ausa</strong></span> <span class='ocrx_word' id='word_1_43' title='bbox 739 1247 837 1304; x_wconf 85' lang='lat' dir='ltr'><strong>forem.</strong></span> 
     </span>
     <span class='ocr_line' id='line_1_10' title="bbox 102 1334 919 1414; baseline 0.007 -22"><span class='ocrx_word' id='word_1_44' title='bbox 102 1335 174 1393; x_wconf 77' lang='lat' dir='ltr'><strong>Esse</strong></span> <span class='ocrx_word' id='word_1_45' title='bbox 196 1356 276 1393; x_wconf 86' lang='lat' dir='ltr'><strong>ream</strong></span> <span class='ocrx_word' id='word_1_46' title='bbox 299 1342 434 1413; x_wconf 79' lang='lat' dir='ltr'><strong>praestat,</strong></span> <span class='ocrx_word' id='word_1_47' title='bbox 458 1355 545 1412; x_wconf 87' lang='lat' dir='ltr'><strong>quam</strong></span> <span class='ocrx_word' id='word_1_48' title='bbox 566 1337 607 1393; x_wconf 88' lang='lat' dir='ltr'><strong>sic</strong></span> <span class='ocrx_word' id='word_1_49' title='bbox 630 1334 919 1414; x_wconf 83' lang='lat' dir='ltr'><strong>placuissc&#39;parenti.</strong></span> 
     </span>
     <span class='ocr_line' id='line_1_11' title="bbox 141 1432 842 1508; baseline 0.006 -19"><span class='ocrx_word' id='word_1_50' title='bbox 141 1433 211 1490; x_wconf 86' lang='lat' dir='ltr'><strong>Non</strong></span> <span class='ocrx_word' id='word_1_51' title='bbox 231 1433 311 1508; x_wconf 83' lang='lat' dir='ltr'><strong>piget</strong></span> <span class='ocrx_word' id='word_1_52' title='bbox 332 1432 465 1489; x_wconf 87' lang='lat' dir='ltr'><strong>inmunes</strong></span> <span class='ocrx_word' id='word_1_53' title='bbox 487 1433 580 1490; x_wconf 89' lang='lat' dir='ltr'><strong>caedis</strong></span> <span class='ocrx_word' id='word_1_54' title='bbox 603 1433 708 1490; x_wconf 88' lang='lat' dir='ltr'><strong>habere</strong></span> <span class='ocrx_word' id='word_1_55' title='bbox 732 1453 842 1493; x_wconf 88' lang='lat' dir='ltr'><strong>manus.</strong></span> 
     </span>
     <span class='ocr_line' id='line_1_12' title="bbox 102 1529 948 1607; baseline 0.007 -21"><span class='ocrx_word' id='word_1_56' title='bbox 102 1529 154 1586; x_wconf 91' lang='lat' dir='ltr'><strong>Me</strong></span> <span class='ocrx_word' id='word_1_57' title='bbox 174 1535 258 1605; x_wconf 88' lang='lat' dir='ltr'><strong>pater</strong></span> <span class='ocrx_word' id='word_1_58' title='bbox 280 1529 347 1604; x_wconf 86' lang='lat' dir='ltr'><strong>igne</strong></span> <span class='ocrx_word' id='word_1_59' title='bbox 369 1529 446 1602; x_wconf 89' lang='lat' dir='ltr'><strong>licet,</strong></span> <span class='ocrx_word' id='word_1_60' title='bbox 471 1548 557 1604; x_wconf 91' lang='lat' dir='ltr'><strong>quem</strong></span> <span class='ocrx_word' id='word_1_61' title='bbox 580 1547 639 1585; x_wconf 89' lang='lat' dir='ltr'><strong>non</strong></span> <span class='ocrx_word' id='word_1_62' title='bbox 662 1529 845 1603; x_wconf 83' lang='lat' dir='ltr'><strong>violavimus,</strong></span> <span class='ocrx_word' id='word_1_63' title='bbox 870 1539 948 1607; x_wconf 87' lang='lat' dir='ltr'><strong>urat,</strong></span> 
     </span>
     <span class='ocr_line' id='line_1_13' title="bbox 68 1625 907 1702; baseline 0.01 -20"><span class='ocrx_word' id='word_1_64' title='bbox 68 1649 92 1675; x_wconf 86' lang='lat'><strong>10</strong></span> <span class='ocrx_word' id='word_1_65' title='bbox 142 1625 280 1702; x_wconf 84' lang='lat' dir='ltr'><strong>Quaeque</strong></span> <span class='ocrx_word' id='word_1_66' title='bbox 300 1627 420 1684; x_wconf 87' lang='lat' dir='ltr'><strong>aderant</strong></span> <span class='ocrx_word' id='word_1_67' title='bbox 442 1628 537 1698; x_wconf 89' lang='lat' dir='ltr'><strong>sacris,</strong></span> <span class='ocrx_word' id='word_1_68' title='bbox 560 1628 662 1684; x_wconf 88' lang='lat' dir='ltr'><strong>tendat</strong></span> <span class='ocrx_word' id='word_1_69' title='bbox 683 1627 715 1684; x_wconf 87' lang='lat' dir='ltr'><strong>in</strong></span> <span class='ocrx_word' id='word_1_70' title='bbox 736 1647 787 1686; x_wconf 90' lang='lat' dir='ltr'><strong>ora</strong></span> <span class='ocrx_word' id='word_1_71' title='bbox 808 1629 907 1692; x_wconf 75' lang='lat' dir='ltr'><strong>faces:</strong></span> 
     </span>
     <span class='ocr_line' id='line_1_14' title="bbox 103 1721 946 1803; baseline 0.012 -25"><span class='ocrx_word' id='word_1_72' title='bbox 103 1721 168 1779; x_wconf 90' lang='lat' dir='ltr'><strong>Aut</strong></span> <span class='ocrx_word' id='word_1_73' title='bbox 188 1722 240 1779; x_wconf 82' lang='lat' dir='ltr'><strong>illo</strong></span> <span class='ocrx_word' id='word_1_74' title='bbox 260 1722 380 1797; x_wconf 87' lang='lat' dir='ltr'><strong>iugulet,</strong></span> <span class='ocrx_word' id='word_1_75' title='bbox 406 1742 491 1798; x_wconf 87' lang='lat' dir='ltr'><strong>quem</strong></span> <span class='ocrx_word' id='word_1_76' title='bbox 516 1743 575 1781; x_wconf 87' lang='lat' dir='ltr'><strong>non</strong></span> <span class='ocrx_word' id='word_1_77' title='bbox 599 1724 672 1782; x_wconf 88' lang='lat' dir='ltr'><strong>bene</strong></span> <span class='ocrx_word' id='word_1_78' title='bbox 693 1726 816 1783; x_wconf 79' lang='lat' dir='ltr'><strong>tradidit</strong></span> <span class='ocrx_word' id='word_1_79' title='bbox 838 1747 946 1803; x_wconf 86' lang='lat' dir='ltr'><strong>ensem,</strong></span> 
     </span>
     <span class='ocr_line' id='line_1_15' title="bbox 141 1818 901 1895; baseline 0.009 -20"><span class='ocrx_word' id='word_1_80' title='bbox 141 1818 189 1876; x_wconf 90' lang='lat' dir='ltr'><strong>Ut</strong></span> <span class='ocrx_word' id='word_1_81' title='bbox 211 1837 270 1894; x_wconf 88' lang='lat' dir='ltr'><strong>qua</strong></span> <span class='ocrx_word' id='word_1_82' title='bbox 289 1837 349 1875; x_wconf 86' lang='lat' dir='ltr'><strong>non</strong></span> <span class='ocrx_word' id='word_1_83' title='bbox 372 1819 476 1875; x_wconf 89' lang='lat' dir='ltr'><strong>cecidit</strong></span> <span class='ocrx_word' id='word_1_84' title='bbox 498 1818 544 1875; x_wconf 87' lang='lat' dir='ltr'><strong>vir</strong></span> <span class='ocrx_word' id='word_1_85' title='bbox 564 1839 643 1889; x_wconf 87' lang='lat' dir='ltr'><strong>nece,</strong></span> <span class='ocrx_word' id='word_1_86' title='bbox 666 1826 760 1895; x_wconf 90' lang='lat' dir='ltr'><strong>nupta</strong></span> <span class='ocrx_word' id='word_1_87' title='bbox 783 1823 901 1883; x_wconf 88' lang='lat' dir='ltr'><strong>cadam:</strong></span> 
     </span>
     <span class='ocr_line' id='line_1_16' title="bbox 102 1913 932 1993; baseline 0.008 -24"><span class='ocrx_word' id='word_1_88' title='bbox 102 1913 172 1972; x_wconf 86' lang='lat' dir='ltr'><strong>Non</strong></span> <span class='ocrx_word' id='word_1_89' title='bbox 195 1921 302 1986; x_wconf 87' lang='lat' dir='ltr'><strong>tamen,</strong></span> <span class='ocrx_word' id='word_1_90' title='bbox 326 1919 360 1971; x_wconf 84' lang='lat' dir='ltr'><strong>ut</strong></span> <span class='ocrx_word' id='word_1_91' title='bbox 383 1915 483 1970; x_wconf 87' lang='lat' dir='ltr'><strong>dicant</strong></span> <span class='ocrx_word' id='word_1_92' title='bbox 505 1913 661 1971; x_wconf 89' lang='lat' dir='ltr'><strong>morientia</strong></span> <span class='ocrx_word' id='word_1_93' title='bbox 687 1917 848 1990; x_wconf 84' lang='lat' dir='ltr'><strong>‘paenitet’</strong></span> <span class='ocrx_word' id='word_1_94' title='bbox 871 1936 932 1993; x_wconf 84' lang='lat' dir='ltr'><strong>ura,</strong></span> 
     </span>
     <span class='ocr_line' id='line_1_17' title="bbox 142 2009 845 2088; baseline 0.003 -21"><span class='ocrx_word' id='word_1_95' title='bbox 142 2011 262 2067; x_wconf 85' lang='lat' dir='ltr'><strong>Efficiet.</strong></span> <span class='ocrx_word' id='word_1_96' title='bbox 308 2016 441 2080; x_wconf 86' lang='lat' dir='ltr'><strong>nonest,</strong></span> <span class='ocrx_word' id='word_1_97' title='bbox 464 2029 552 2085; x_wconf 89' lang='lat' dir='ltr'><strong>quam</strong></span> <span class='ocrx_word' id='word_1_98' title='bbox 574 2009 655 2085; x_wconf 84' lang='lat' dir='ltr'><strong>piget</strong></span> <span class='ocrx_word' id='word_1_99' title='bbox 677 2030 737 2068; x_wconf 87' lang='lat' dir='ltr'><strong>esse</strong></span> <span class='ocrx_word' id='word_1_100' title='bbox 758 2013 845 2088; x_wconf 88' lang='lat' dir='ltr'><strong>piam.</strong></span> 
     </span>
     <span class='ocr_line' id='line_1_18' title="bbox 65 2104 869 2182; baseline 0.009 -21"><span class='ocrx_word' id='word_1_101' title='bbox 65 2125 87 2161; x_wconf 84' lang='lat'><strong>¹⁵</strong></span> <span class='ocrx_word' id='word_1_102' title='bbox 102 2104 254 2163; x_wconf 87' lang='lat' dir='ltr'><strong>Paeniteat</strong></span> <span class='ocrx_word' id='word_1_103' title='bbox 276 2105 391 2162; x_wconf 87' lang='lat' dir='ltr'><strong>sceleris</strong></span> <span class='ocrx_word' id='word_1_104' title='bbox 414 2105 550 2162; x_wconf 89' lang='lat' dir='ltr'><strong>Danaum</strong></span> <span class='ocrx_word' id='word_1_105' title='bbox 574 2124 729 2182; x_wconf 86' lang='lat' dir='ltr'><strong>saevasque</strong></span> <span class='ocrx_word' id='word_1_106' title='bbox 753 2128 869 2168; x_wconf 87' lang='lat' dir='ltr'><strong>sorores.</strong></span> 
     </span>
     <span class='ocr_line' id='line_1_19' title="bbox 140 2200 794 2277; baseline 0.009 -22"><span class='ocrx_word' id='word_1_107' title='bbox 140 2200 200 2256; x_wconf 92' lang='lat' dir='ltr'><strong>Hic</strong></span> <span class='ocrx_word' id='word_1_108' title='bbox 223 2200 296 2257; x_wconf 86' lang='lat' dir='ltr'><strong>solet</strong></span> <span class='ocrx_word' id='word_1_109' title='bbox 316 2207 438 2258; x_wconf 89' lang='lat' dir='ltr'><strong>eventus</strong></span> <span class='ocrx_word' id='word_1_110' title='bbox 461 2201 539 2258; x_wconf 81' lang='lat' dir='ltr'><strong>facta</strong></span> <span class='ocrx_word' id='word_1_111' title='bbox 558 2201 684 2258; x_wconf 90' lang='lat' dir='ltr'><strong>nefanda</strong></span> <span class='ocrx_word' id='word_1_112' title='bbox 705 2203 794 2277; x_wconf 89' lang='lat' dir='ltr'><strong>sequi.</strong></span> 
     </span>
     <span class='ocr_line' id='line_1_20' title="bbox 100 2293 906 2375; baseline 0.01 -25"><span class='ocrx_word' id='word_1_113' title='bbox 100 2293 157 2351; x_wconf 78' lang='lat' dir='ltr'><strong>Cor</strong></span> <span class='ocrx_word' id='word_1_114' title='bbox 178 2303 266 2370; x_wconf 89' lang='lat' dir='ltr'><strong>pavet</strong></span> <span class='ocrx_word' id='word_1_115' title='bbox 286 2297 437 2354; x_wconf 86' lang='lat' dir='ltr'><strong>admonitu</strong></span> <span class='ocrx_word' id='word_1_116' title='bbox 457 2302 615 2353; x_wconf 88' lang='lat' dir='ltr'><strong>temeratae</strong></span> <span class='ocrx_word' id='word_1_117' title='bbox 639 2297 779 2372; x_wconf 82' lang='lat' dir='ltr'><strong>sanguine</strong></span> <span class='ocrx_word' id='word_1_118' title='bbox 803 2301 906 2375; x_wconf 85' lang='lat' dir='ltr'><strong>noctis,</strong></span> 
     </span>
     <span class='ocr_line' id='line_1_21' title="bbox 139 2389 947 2467; baseline 0.011 -23"><span class='ocrx_word' id='word_1_119' title='bbox 139 2389 179 2446; x_wconf 89' lang='lat' dir='ltr'><strong>Et</strong></span> <span class='ocrx_word' id='word_1_120' title='bbox 202 2391 316 2448; x_wconf 86' lang='lat' dir='ltr'><strong>subitus</strong></span> <span class='ocrx_word' id='word_1_121' title='bbox 338 2393 456 2448; x_wconf 85' lang='lat' dir='ltr'><strong>dextrae</strong></span> <span class='ocrx_word' id='word_1_122' title='bbox 480 2392 631 2467; x_wconf 88' lang='lat' dir='ltr'><strong>praepedit</strong></span> <span class='ocrx_word' id='word_1_123' title='bbox 652 2412 716 2450; x_wconf 89' lang='lat' dir='ltr'><strong>orsa</strong></span> <span class='ocrx_word' id='word_1_124' title='bbox 739 2400 854 2453; x_wconf 86' lang='lat' dir='ltr'><strong>tremor.</strong></span> <span class='ocrx_word' id='word_1_125' title='bbox 945 2403 947 2406; x_wconf 67' lang='lat'>‘</span> 
     </span>
     <span class='ocr_line' id='line_1_22' title="bbox 100 2488 851 2566; baseline 0.005 -21"><span class='ocrx_word' id='word_1_126' title='bbox 100 2488 194 2557; x_wconf 79' lang='lat' dir='ltr'><strong>Quam</strong></span> <span class='ocrx_word' id='word_1_127' title='bbox 218 2495 252 2546; x_wconf 93' lang='lat' dir='ltr'><strong>tu</strong></span> <span class='ocrx_word' id='word_1_128' title='bbox 273 2490 359 2546; x_wconf 85' lang='lat' dir='ltr'><strong>caede</strong></span> <span class='ocrx_word' id='word_1_129' title='bbox 379 2495 463 2564; x_wconf 85' lang='lat' dir='ltr'><strong>putes</strong></span> <span class='ocrx_word' id='word_1_130' title='bbox 485 2491 568 2565; x_wconf 88' lang='lat' dir='ltr'><strong>fungi</strong></span> <span class='ocrx_word' id='word_1_131' title='bbox 590 2491 720 2566; x_wconf 83' lang='lat' dir='ltr'><strong>potuisse</strong></span> <span class='ocrx_word' id='word_1_132' title='bbox 743 2493 851 2562; x_wconf 86' lang='lat' dir='ltr'><strong>mariti,</strong></span> 
     </span>
     <span class='ocr_line' id='line_1_23' title="bbox 63 2586 808 2648; baseline 0.011 -9"><span class='ocrx_word' id='word_1_133' title='bbox 63 2612 88 2639; x_wconf 68' lang='grc' dir='ltr'>ω</span> <span class='ocrx_word' id='word_1_134' title='bbox 138 2586 268 2643; x_wconf 85' lang='lat' dir='ltr'><strong>Scribere</strong></span> <span class='ocrx_word' id='word_1_135' title='bbox 290 2586 326 2642; x_wconf 88' lang='lat' dir='ltr'><strong>de</strong></span> <span class='ocrx_word' id='word_1_136' title='bbox 350 2587 426 2642; x_wconf 85' lang='lat' dir='ltr'><strong>facta</strong></span> <span class='ocrx_word' id='word_1_137' title='bbox 447 2606 506 2643; x_wconf 90' lang='lat' dir='ltr'><strong>non</strong></span> <span class='ocrx_word' id='word_1_138' title='bbox 530 2588 586 2643; x_wconf 89' lang='lat' dir='ltr'><strong>sibi</strong></span> <span class='ocrx_word' id='word_1_139' title='bbox 607 2587 693 2644; x_wconf 88' lang='lat' dir='ltr'><strong>caede</strong></span> <span class='ocrx_word' id='word_1_140' title='bbox 715 2588 808 2648; x_wconf 87' lang='lat' dir='ltr'><strong>timet.</strong></span> 
     </span>
     <span class='ocr_line' id='line_1_24' title="bbox 97 2683 976 2764; baseline 0.008 -24"><span class='ocrx_word' id='word_1_141' title='bbox 97 2683 154 2741; x_wconf 81' lang='lat' dir='ltr'><strong>Sed</strong></span> <span class='ocrx_word' id='word_1_142' title='bbox 174 2690 273 2740; x_wconf 89' lang='lat' dir='ltr'><strong>tamen</strong></span> <span class='ocrx_word' id='word_1_143' title='bbox 292 2683 432 2758; x_wconf 84' lang='lat' dir='ltr'><strong>experiar.</strong></span> <span class='ocrx_word' id='word_1_144' title='bbox 474 2684 565 2740; x_wconf 86' lang='lat' dir='ltr'><strong>Modo</strong></span> <span class='ocrx_word' id='word_1_145' title='bbox 584 2684 661 2741; x_wconf 89' lang='lat' dir='ltr'><strong>facta</strong></span> <span class='ocrx_word' id='word_1_146' title='bbox 681 2685 846 2761; x_wconf 84' lang='lat' dir='ltr'><strong>crepuscula</strong></span> <span class='ocrx_word' id='word_1_147' title='bbox 865 2689 976 2764; x_wconf 70' lang='lat' dir='ltr'><strong>terris,</strong></span> 
     </span>
     <span class='ocr_line' id='line_1_25' title="bbox 135 2780 925 2858; baseline 0.005 -21"><span class='ocrx_word' id='word_1_148' title='bbox 135 2780 253 2838; x_wconf 88' lang='lat' dir='ltr'><strong>Ultima</strong></span> <span class='ocrx_word' id='word_1_149' title='bbox 273 2799 340 2855; x_wconf 88' lang='lat' dir='ltr'><strong>pars</strong></span> <span class='ocrx_word' id='word_1_150' title='bbox 362 2780 444 2851; x_wconf 81' lang='lat' dir='ltr'><strong>lucis,</strong></span> <span class='ocrx_word' id='word_1_151' title='bbox 465 2782 616 2858; x_wconf 84' lang='lat' dir='ltr'><strong>primaque</strong></span> <span class='ocrx_word' id='word_1_152' title='bbox 637 2782 731 2838; x_wconf 89' lang='lat' dir='ltr'><strong>noctis</strong></span> <span class='ocrx_word' id='word_1_153' title='bbox 755 2789 835 2840; x_wconf 89' lang='lat' dir='ltr'><strong>erat:</strong></span> <span class='ocrx_word' id='word_1_154' title='bbox 922 2786 925 2790; x_wconf 80' lang='grc'><strong>’</strong></span> 
     </span>
     <span class='ocr_line' id='line_1_26' title="bbox 96 2873 859 2955; baseline 0.007 -25"><span class='ocrx_word' id='word_1_155' title='bbox 96 2873 240 2932; x_wconf 84' lang='lat' dir='ltr'><strong>Ducimur</strong></span> <span class='ocrx_word' id='word_1_156' title='bbox 264 2874 418 2933; x_wconf 83' lang='lat' dir='ltr'><strong>Inachides</strong></span> <span class='ocrx_word' id='word_1_157' title='bbox 440 2877 538 2951; x_wconf 85' lang='lat' dir='ltr'><strong>magni</strong></span> <span class='ocrx_word' id='word_1_158' title='bbox 562 2876 621 2933; x_wconf 63' lang='lat' dir='ltr'><strong>sub&#39;</strong></span> <span class='ocrx_word' id='word_1_159' title='bbox 639 2882 717 2933; x_wconf 84' lang='lat' dir='ltr'><strong>tecta</strong></span> <span class='ocrx_word' id='word_1_160' title='bbox 738 2876 859 2955; x_wconf 85' lang='lat' dir='ltr'><strong>Pelasgi,</strong></span> 
     </span>
     <span class='ocr_line' id='line_1_27' title="bbox 134 2972 823 3049; baseline 0.004 -21"><span class='ocrx_word' id='word_1_161' title='bbox 134 2972 175 3029; x_wconf 87' lang='lat' dir='ltr'><strong>Et</strong></span> <span class='ocrx_word' id='word_1_162' title='bbox 196 2992 275 3030; x_wconf 89' lang='lat' dir='ltr'><strong>socer</strong></span> <span class='ocrx_word' id='word_1_163' title='bbox 295 2980 422 3031; x_wconf 84' lang='lat' dir='ltr'><strong>armatas</strong></span> <span class='ocrx_word' id='word_1_164' title='bbox 445 2973 550 3049; x_wconf 88' lang='lat' dir='ltr'><strong>accipit</strong></span> <span class='ocrx_word' id='word_1_165' title='bbox 572 2973 634 3049; x_wconf 87' lang='lat' dir='ltr'><strong>ipse</strong></span> <span class='ocrx_word' id='word_1_166' title='bbox 655 2992 754 3031; x_wconf 84' lang='lat' dir='ltr'><strong>nurus</strong></span> <span class='ocrx_word' id='word_1_167' title='bbox 821 3003 823 3007; x_wconf 96' lang='lat'>·</span> 
     </span>
    </p>
   </div>
   <div class='ocr_carea' id='block_1_8' title="bbox 94 3198 981 3325">
    <p class='ocr_par' dir='ltr' id='par_1_8' title="bbox 94 3198 981 3325">
     <span class='ocr_line' id='line_1_28' title="bbox 142 3198 980 3262; baseline -0.001 -13"><span class='ocrx_word' id='word_1_168' title='bbox 142 3198 207 3249; x_wconf 66' lang='lat' dir='ltr'><strong>lev</strong></span> <span class='ocrx_word' id='word_1_169' title='bbox 224 3201 396 3262; x_wconf 75' lang='lat' dir='ltr'><strong>hypermestra.</strong></span> <span class='ocrx_word' id='word_1_170' title='bbox 430 3198 471 3249; x_wconf 79' lang='lat' dir='ltr'><strong>Sic</strong></span> <span class='ocrx_word' id='word_1_171' title='bbox 482 3199 582 3260; x_wconf 88' lang='lat' dir='ltr'><strong>ub1que</strong></span> <span class='ocrx_word' id='word_1_172' title='bbox 615 3200 789 3261; x_wconf 65' lang='lat' dir='ltr'><strong>tectamque</strong></span> <span class='ocrx_word' id='word_1_173' title='bbox 823 3198 885 3248; x_wconf 76' lang='lat' dir='ltr'><strong>5eV</strong></span> <span class='ocrx_word' id='word_1_174' title='bbox 895 3200 980 3248; x_wconf 75' lang='lat' dir='ltr'><strong>ataia-</strong></span> 
     </span>
     <span class='ocr_line' id='line_1_29' title="bbox 94 3263 981 3325; baseline 0 -13"><span class='ocrx_word' id='word_1_175' title='bbox 94 3271 152 3313; x_wconf 82' lang='lat' dir='ltr'><strong>tere</strong></span> <span class='ocrx_word' id='word_1_176' title='bbox 196 3263 251 3310; x_wconf 59' lang='lat'><strong>126</strong></span> <span class='ocrx_word' id='word_1_177' title='bbox 266 3265 350 3311; x_wconf 82' lang='lat' dir='ltr'><strong>cadat.</strong></span> <span class='ocrx_word' id='word_1_178' title='bbox 417 3264 448 3310; x_wconf 83' lang='lat'><strong>14</strong></span> <span class='ocrx_word' id='word_1_179' title='bbox 464 3263 547 3313; x_wconf 90' lang='lat' dir='ltr'><strong>Madv.</strong></span> <span class='ocrx_word' id='word_1_180' title='bbox 563 3265 619 3325; x_wconf 81' lang='lat' dir='ltr'><strong>pia.</strong></span> <span class='ocrx_word' id='word_1_181' title='bbox 685 3265 981 3312; x_wconf 73' lang='lat' dir='ltr'><strong>laedaaaamscataw.</strong></span> 
     </span>
    </p>
   </div>
   <div class='ocr_carea' id='block_1_9' title="bbox 94 3328 952 3381">
    <p class='ocr_par' dir='ltr' id='par_1_9' title="bbox 94 3328 952 3381">
     <span class='ocr_line' id='line_1_30' title="bbox 94 3328 952 3381; baseline 0 -5"><span class='ocrx_word' id='word_1_182' title='bbox 94 3329 275 3381; x_wconf 71' lang='lat' dir='ltr'><strong>17eattoaita</strong></span> <span class='ocrx_word' id='word_1_183' title='bbox 325 3328 469 3376; x_wconf 75' lang='lat' dir='ltr'><strong>lSrtimar.</strong></span> <span class='ocrx_word' id='word_1_184' title='bbox 520 3329 550 3375; x_wconf 87' lang='lat'><strong>22</strong></span> <span class='ocrx_word' id='word_1_185' title='bbox 562 3328 596 3378; x_wconf 79' lang='lat' dir='ltr'><strong>eV</strong></span> <span class='ocrx_word' id='word_1_186' title='bbox 605 3330 702 3378; x_wconf 59' lang='lat' dir='ltr'><strong>nocta.</strong></span> <span class='ocrx_word' id='word_1_187' title='bbox 707 3331 786 3378; x_wconf 79' lang='lat' dir='ltr'><strong>,lucta</strong></span> <span class='ocrx_word' id='word_1_188' title='bbox 835 3328 952 3376; x_wconf 69' lang='lat' dir='ltr'><strong>ateana</strong></span> 
     </span>
    </p>
   </div>
   <div class='ocr_carea' id='block_1_10' title="bbox 0 0 1066 3676">
    <p class='ocr_par' dir='ltr' id='par_1_10' title="bbox 0 0 1066 3676">
     <span class='ocr_line' id='line_1_31' title="bbox 0 0 1066 3676; baseline 0 0"><span class='ocrx_word' id='word_1_189' title='bbox 0 0 1066 3676; x_wconf 95' lang='lat' dir='ltr'><strong> </strong></span> 
     </span>
    </p>
   </div>
  </div>
 </body>
</html>
