2122 3676
99 214 138 273 64
343 214 486 278 OVIDII
502 214 745 277 urrerem.

97 343 145 403 Ut
164 343 292 420 positum
311 345 396 422 tetigi
415 345 543 403 melumc
562 345 639 403 mule
658 345 756 403 seucie
773 343 893 420 lectum,

137 440 216 498 Acte
235 446 280 499 est
298 459 350 517 per
369 442 502 500 lacrimas
521 460 582 500 nox
600 441 682 514 mihi,
703 447 813 518 quante
832 442 899 513 fuit.

98 535 180 593 Ante
200 537 297 596 oculos
316 539 452 615 taurique
472 557 550 596 meos
569 543 738 614 segetesque
757 537 908 611 mundae,

61 652 86 690 eo
138 634 221 690 Ante
240 653 319 692 meos
339 635 436 692 oculos
457 634 579 711 pervigil
599 634 702 710 anguis
721 632 792 692 erec

102 728 184 786 Hinc
216 749 305 801 amor,
334 731 403 788 hinc
436 730 525 789 timor
557 735 619 788 cst:
654 729 751 806 ipsum
783 729 874 787 timor
901 728 986 805 auget

198 844 332 885 amorem.

139 920 229 980 Mene
249 931 319 995 eret,
341 928 372 981 et
390 922 519 980 thelemo
539 941 606 978 cere
625 926 741 997 recepte
760 938 841 978 soror

101 1018 316 1095 Disiectamque
336 1038 432 1078 comcs
451 1018 629 1094 edverscque
649 1017 681 1073 in
701 1035 752 1075 ore
770 1015 917 1074 iacentem

139 1114 269 1188 Invenit,
290 1121 321 1172 et
339 1114 466 1172 lacrimis
486 1114 584 1172 omnic
603 1114 690 1191 plene
709 1113 790 1174 meis

63 1231 86 1279 ⁶⁵
100 1212 173 1270 Orat
193 1231 277 1288 opem
296 1211 416 1287 Minyis.
457 1212 534 1288 petit
552 1211 652 1283 ultera,
674 1216 705 1268 ei
724 1211 816 1268 utera
835 1208 978 1268 habebut:

138 1308 268 1365 Aesonio
287 1306 389 1365 iuveni
408 1308 485 1384 quod
505 1313 590 1383 roget
608 1307 668 1380 ille,
689 1305 800 1364 demus

99 1403 155 1461 Est
173 1423 276 1461 nemus
296 1411 327 1462 et
345 1404 434 1481 piceis
453 1409 484 1460 et
503 1404 656 1461 frondibus
675 1403 751 1461 ilicis
770 1408 877 1474 etrum,

138 1499 203 1556 Vix
221 1500 293 1556 illuc
312 1500 401 1557 tediis
422 1501 490 1558 solis
509 1501 590 1559 adire
608 1500 685 1558 licet„¹

100 1597 177 1656 Sunt
196 1597 229 1654 in
249 1616 318 1654 eo...
341 1596 460 1654 fueraut
480 1603 593 1655 cerie...
615 1598 738 1655 delubra
758 1596 890 1654 Dianae:

63 1729 88 1766 70
140 1698 242 1753 Auree
261 1696 410 1754 barbarice
429 1702 490 1753 stet
510 1697 563 1754 dee
582 1696 659 1754 faeta
677 1714 774 1753 manu.

103 1791 215 1865 Nescis,
237 1812 276 1850 cn
295 1792 468 1850 exciderunt
488 1811 600 1849 mecum
621 1791 705 1849 lucei
739 1790 886 1848 Venimus
906 1789 984 1861 illuc,

140 1884 231 1944 Orsus
251 1905 282 1949 es
302 1886 391 1943 infido
411 1887 453 1942 sic
473 1885 552 1961 prior
571 1904 621 1942 cre
640 1884 722 1960 loqui

102 1980 171 2037 ‘Ius
190 1981 246 2039 tibi
266 1986 297 2039 ei
316 1981 470 2038 arbitrium
491 1986 606 2038 nostrae
626 1981 744 2038 fortuna
763 1979 865 2036 salutis

139 2078 279 2150 Tradidit,
300 2079 388 2154 inque
409 2086 461 2135 tue
480 2084 524 2135 est
543 2078 663 2153 vitaque
682 2096 817 2153 morsque
836 2095 935 2135 manu.

62 2210 86 2246 75
101 2172 225 2232 Perdere
244 2194 326 2250 posse
346 2181 392 2232 set
411 2181 464 2246 esi,
479 2176 592 2250 siquem
613 2173 696 2232 iuvet
716 2173 780 2249 ipsc
801 2178 951 2250 potestas:

140 2270 197 2328 Sed
219 2271 276 2328 tibi
297 2278 430 2328 servatus
451 2271 544 2346 glorie
565 2271 658 2328 maior
680 2289 735 2328 ero.

99 2367 157 2425 Per
177 2366 254 2423 mede
274 2373 375 2423 nostra
395 2385 503 2442 precor,
518 2386 642 2443 quorum
664 2373 746 2443 potes
767 2386 828 2425 esse
845 2367 988 2440 levamen,

139 2463 198 2522 Per
217 2481 309 2539 genus
331 2468 362 2520 et
384 2482 493 2520 numen
515 2470 620 2521 cuncte
639 2463 769 2521 videntis
792 2465 849 2536 evi,

100 2560 159 2618 Per
179 2557 303 2634 triplicis
324 2558 425 2615 vultus
446 2578 608 2635 arcensque
630 2577 711 2615 scere
732 2559 854 2629 Dianae,

63 2675 88 2714 eo
140 2658 182 2715 Es
202 2657 229 2716 si
250 2658 325 2714 forie
347 2657 460 2732 aliquos
482 2674 553 2732 gens
572 2655 661 2713 hebet
680 2655 738 2712 iste
758 2655 842 2713 deos:

11 2772 16 2779 ·
101 2752 127 2810 Ο
147 2753 238 2829 virgo,
260 2753 396 2810 miserere
416 2751 482 2822 mei,
504 2751 638 2808 miserere
658 2769 805 2808 meorum:

139 2851 228 2909 Effice
247 2869 294 2908 me
313 2849 426 2907 meritis
445 2855 560 2923 tempus
580 2847 612 2904 in
632 2866 717 2905 omne
737 2849 841 2905 tuum!

148 3087 179 3135 58
189 3085 212 3134 V
223 3085 279 3134 tibi.
359 3084 390 3133 62
401 3082 438 3131 Pe
448 3088 490 3132 eet.
575 3080 606 3129 65
617 3079 640 3128 V
652 3081 759 3130 habebit.
839 3079 870 3129 68
887 3097 898 3128 e
912 3081 989 3129 illud.

100 3150 132 3201 69
148 3167 161 3198 e
171 3151 322 3212 suermctquc
339 3149 392 3196 diu.
425 3146 448 3195 V
463 3152 521 3194 eunt
537 3146 565 3193 ic
581 3159 608 3193 ec
624 3150 649 3192 et
660 3145 765 3205 fuerant
781 3151 852 3193 certe.
929 3145 961 3196 71
979 3163 991 3194 ε

99 3215 226 3264 ucecieau
237 3213 388 3260 ecciderunt.
406 3210 743 3289 'VNcecicccexcideriuc
808 3209 839 3259 75
851 3207 977 3270 erurct.
