2122 3676
239 285 294 346 IV.
316 282 515 342 PHAEDRA
536 277 784 340 HIPPOLYYO.
917 274 954 334 19

67 415 102 475 si
120 415 196 474 mihi
215 415 353 474 concedat
372 414 450 472 Iuno
469 414 648 488 fratremque
666 400 831 486 virumque,
969 449 992 488 33

107 513 307 590 Hippolytum
325 512 428 570 videor
446 510 647 588 praepositura
666 509 741 569 Iovi.

68 609 136 668 Iam
155 628 297 685 quoque..
319 608 373 665 vix
392 607 518 667 eredes...
540 608 655 684 ignotas
674 581 802 665 mutor
792 625 826 663 m
845 609 940 663 artes:

108 703 164 761 Fut
182 703 256 761 mihi
275 724 328 780 per
347 723 447 762 saevas
466 703 623 780 impetus
614 722 658 762 ire
676 704 760 763 feres

69 799 136 858 Iam
155 801 228 858 mihi
248 802 343 877 prima
362 801 416 859 dea
436 807 481 858 est
500 820 569 859 areu
589 801 749 878 praesignis
769 766 882 860 adunco

109 896 204 958 Delia.
245 897 387 955 iudicium
406 897 593 974 subsequor
584 917 648 975 ipsa
667 904 761 957 tuum.

69 995 108 1052 In
126 1013 231 1052 nemus
250 995 293 1052 ire
313 994 394 1069 libet,
414 995 578 1072 pressisque
597 995 630 1052 in
649 996 724 1053 retia
743 994 837 1053 cervis

109 1088 236 1149 Hortari
255 1091 355 1150 celeris
375 1111 427 1169 per
446 1093 516 1169 iuga
535 1111 649 1151 summa
668 1112 762 1166 canes,

68 1186 137 1245 Aut
155 1186 314 1244 tremulum
334 1207 455 1246 excusso
474 1189 603 1246 iaeulum
622 1189 737 1247 vibrare
757 1189 874 1260 lacertu,

109 1283 176 1343 Aut
196 1284 228 1341 in
247 1285 397 1361 graminea
416 1303 523 1360 ponere
543 1304 647 1362 eorpus
666 1286 764 1346 humo.

69 1380 162 1457 Saepe
181 1381 265 1440 iuvat
284 1400 399 1439 versare
418 1382 497 1439 leves
516 1382 550 1440 in
569 1383 690 1459 pulvere
710 1402 822 1453 currus,

108 1477 303 1554 Torquentem
324 1477 413 1535 frenis
433 1496 484 1535 ora
502 1478 612 1555 fugacis
632 1481 707 1556 equi.
769 1543 778 1558 q

69 1575 159 1634 Nune
178 1576 264 1648 feror,
284 1580 320 1632 ut
340 1576 450 1634 Bacchi
468 1577 553 1635 furiis
573 1578 716 1637 Eleleides
735 1585 825 1651 aotae,

109 1672 248 1748 Quaeque
268 1671 322 1728 sub
342 1670 431 1731 Idaeo
451 1677 592 1750 tympana
611 1676 683 1733 colle
703 1681 831 1746 movent,

68 1766 136 1825 Aut
155 1757 389 1842 qnas'semideae
408 1769 541 1844 Dryades
562 1770 716 1849 Faunique
734 1771 868 1830 bicornes

109 1863 241 1922 Numine
261 1869 409 1921 contectas
428 1870 582 1924 attonuere
602 1887 662 1928 suo.

68 1960 206 2038 Namque
225 1961 299 2018 mihi
319 1963 459 2035 referunt,
479 1983 545 2020 oum
565 1983 597 2023 se
616 1966 698 2023 furor
716 1948 776 2023 ills
787 1964 909 2038 remisit,

108 2060 224 2120 Omnia.
265 2080 313 2118 me
332 2062 453 2119 tacitam
473 2062 603 2121 conscius
622 2064 684 2121 urit
704 2082 793 2125 amor.
864 2082 867 2089 ·

68 2155 203 2213 Forsitan
223 2156 301 2214 hune
320 2157 434 2234 generis
453 2157 514 2215 leto
533 2158 688 2216 reddamus
707 2177 844 2231 amorem,

107 2251 149 2308 Et
167 2251 272 2309 Venus
291 2271 329 2310 ex
348 2258 413 2311 tota
431 2259 518 2332 gente
538 2253 651 2312 tributa
668 2259 759 2331 petat.

67 2347 183 2426 Iupiter
202 2350 367 2426 Europen...
389 2352 484 2428 prima
504 2357 549 2410 est
568 2372 603 2410 ea
622 2352 719 2430 gentis
739 2352 848 2429 origo...
968 2375 990 2412 ss

106 2445 229 2520 Dilexit,
251 2452 336 2505 tauro
356 2447 560 2510 dissimulante
580 2449 675 2508 deum,

66 2541 201 2601 Perfidus
221 2544 358 2620 Aegides,
379 2544 516 2602 ducentia
535 2545 586 2602 fila
605 2550 731 2621 secutus,

107 2641 206 2700 Curva
225 2661 307 2700 meae
326 2641 405 2719 fugit
423 2646 503 2700 tecta
522 2642 628 2700 sororis
648 2661 709 2719 ope.
735 2672 741 2680 ‹

67 2739 124 2813 En,
146 2757 199 2816 ego
218 2758 305 2811 nune,
327 2758 365 2797 ne
384 2740 460 2796 forte
480 2759 585 2815 parum
605 2738 721 2798 Minoia
741 2739 851 2810 credar,

104 2834 143 2891 In
164 2837 254 2894 socias
274 2836 350 2913 leges
370 2837 476 2894 ultima
495 2837 591 2915 gentis
611 2856 653 2897 eo.

115 3011 147 3061 37
159 3008 232 3059 eVPa
241 3011 334 3060 mittor.
367 3009 418 3060 Sed
427 3009 496 3060 nihil
507 3011 546 3060 est
556 3024 602 3059 our
611 3009 709 3058 eodiees
720 3007 787 3057 Pon
797 3006 952 3060 deseramus.

63 3074 143 3122 41-2
161 3074 247 3134 epost
262 3076 293 3122 38
309 3073 419 3126 exhibet.
485 3074 516 3123 41
532 3075 556 3123 E
570 3077 661 3137 pressis
674 3076 711 3122 ta.
767 3072 799 3121 45
812 3073 951 3122 Eseruore.

62 3137 94 3188 47
110 3137 134 3185 Ε
152 3138 260 3187 eleides's.
298 3138 331 3186 Ν
347 3140 444 3187 eleides.
510 3140 540 3187 50
556 3139 579 3186 Ε
601 3143 735 3187 contaetus.
803 3138 833 3185 51
857 3139 949 3198 eipso.

63 3202 128 3251 53ss
141 3203 445 3264 satopeuerisseetomur.
510 3201 587 3253 54eV
598 3204 670 3265 petit.
741 3200 950 3263 55EEuropum.

63 3265 94 3315 56
107 3268 220 3316 eaerum.
286 3265 488 3317 tlEMiooido.
