2122 3676
279 196 329 299 VJ.
350 239 591 300 Hrrsrrrsn
610 237 765 300 iesous
928 238 964 295 35

77 371 110 429 Si
132 372 253 448 quaeris,
276 373 323 430 cui
343 372 404 430 sint
423 371 553 429 similest
578 371 757 446 cognosceris
776 369 844 427 illis.

118 467 232 525 Fallere
252 488 312 526 non
331 473 459 525 norunt:
481 474 576 524 cetera
595 467 688 543 patris
707 467 824 525 habent

76 563 203 638 Legatos
223 584 295 640 quos
315 583 406 641 paene
427 564 494 621 dedi
513 582 566 640 pro
585 569 680 621 matre
700 563 838 622 ferendos
979 580 1014 618 ¹2⁵

11 706 14 710 .
117 657 175 715 Sed
194 659 292 716 tenuit
312 666 429 735 coeptas
449 678 536 716 saeve
554 677 680 716 novercs
699 659 771 717 vies.

75 751 213 810 Medeam
232 754 339 839 timui:
358 753 425 830 plus
446 761 490 811 est
510 754 616 812 Medea
636 772 768 816 noverca.

116 849 238 906 Medeae
258 850 372 907 faciunt
390 851 428 907 ad
448 850 541 908 scelus
560 869 647 908 omne
667 869 778 908 manus.
877 859 880 866 '

75 944 218 1021 Spargere
238 965 313 1021 quse
332 947 432 1004 fratris
452 946 551 1022 potuit
569 945 696 1004 lacerata
714 966 768 1023 per
786 967 872 1025 agros

117 1040 255 1116 Corpora,
276 1042 448 1118 pignoribus
467 1048 600 1117 parceret
619 1042 672 1099 illa
690 1043 784 1101 meisl
979 1064 1016 1102 130

75 1133 166 1192 Hanc
186 1141 294 1207 tamen,
317 1155 334 1193 o
354 1138 480 1211 demens,
504 1134 677 1212 Colchisque
697 1138 795 1195 ablate
815 1138 944 1212 venenis,

117 1232 232 1290 Diceris
252 1234 434 1310 Hypsipyles
454 1235 654 1310 praeposuisse
674 1237 753 1293 torol

74 1327 215 1402 Turpiter
233 1328 286 1385 illa
304 1329 402 1384 virum
423 1331 558 1404 cognovit
578 1328 712 1387 adultera
731 1331 823 1406 virgo,

116 1423 169 1481 Me
190 1424 253 1497 tibi,
275 1430 363 1501 teque
383 1425 457 1482 mihi
477 1426 564 1483 taeda
583 1427 689 1502 pudica
708 1429 797 1485 dedit.

74 1521 217 1579 Prodidit
231 1522 283 1579 illa
302 1528 433 1598 patrem:
454 1523 539 1600 rapui
559 1524 595 1581 de
614 1524 694 1583 clade
714 1526 853 1584 Thoanta
980 1539 1014 1576 ¹³⁵

115 1619 254 1677 Deseruit
275 1618 414 1677 Colchos:
433 1639 480 1678 me
500 1640 565 1678 mea
584 1622 709 1681 Lcmnos
728 1625 823 1683 habet.

76 1718 157 1787 Quid
177 1717 275 1790 refert,
297 1717 437 1774 scelerate
457 1719 535 1792 piam
555 1718 581 1775 si
604 1720 713 1793 vincet,
734 1721 848 1797 etipse

117 1811 248 1869 Crimine
268 1812 369 1868 dotata
389 1817 434 1869 est
455 1813 637 1889 emeruitque
656 1815 771 1872 viruml

75 1906 271 1965 Lemniadum
291 1906 405 1963 facinus
426 1907 519 1982 culpo,
542 1926 602 1964 non
621 1909 720 1976 miror,
739 1908 838 1966 Iason.

117 2004 272 2073 Quaelibet
291 2004 376 2061 iratis
396 2003 458 2080 ipse
479 2004 531 2060 dat
551 2023 631 2061 erma
651 2004 739 2063 dolor.
978 2028 1014 2063 140

74 2100 133 2157 Dic
153 2118 214 2175 age,
236 2099 262 2156 si
282 2099 414 2156 ventis...
439 2104 475 2155 ut
495 2099 662 2173 oportuit...
686 2105 768 2158 actus
788 2100 898 2178 iniquis

114 2196 261 2254 Intrasses
281 2200 384 2271 portus
403 2202 497 2272 tuque
518 2215 669 2272 comesque
689 2216 776 2270 meos,

75 2293 229 2368 Obviaque
249 2292 372 2348 exissem
392 2292 455 2348 fetu
476 2291 634 2349 comitante
653 2294 818 2367 gemellol...

115 2389 240 2445 Hiscere
259 2406 365 2462 nempe
384 2388 441 2443 tibi
462 2394 541 2443 terra
560 2389 689 2462 regende
708 2388 780 2445 fuit!

74 2489 141 2557 Quo
160 2487 248 2543 vultu
268 2483 363 2559 natos,
384 2504 443 2560 quo
462 2505 517 2559 me,
539 2487 683 2559 scelerate,
705 2489 836 2546 videresl
977 2504 1011 2541 1⁴⁵

115 2585 259 2644 Perfidiae
278 2583 373 2660 pretio
393 2602 451 2658 qua
470 2601 540 2640 nece
560 2584 665 2660 dignus
686 2586 765 2642 eresl

123 2766 169 2814 125
179 2766 206 2829 Ε
215 2780 262 2828 pro
273 2780 310 2813 me
320 2771 399 2813 matre
406 2765 575 2826 proferendos.
641 2764 688 2815 127
698 2764 720 2811 E
733 2764 850 2812 Medium.
916 2764 961 2814 129

72 2850 85 2879 ε
104 2833 188 2892 potuit
205 2831 306 2892 fratris.
375 2829 420 2876 131
442 2829 479 2876 Pa
502 2830 573 2884 hasac,
591 2829 662 2876 huuc.
728 2830 773 2875 132
792 2828 814 2876 Ε
833 2829 959 2890 tisiphile.

75 2895 231 2943 135Ecede.
276 2892 470 2944 137Esceratu.
495 2892 639 2940 EVoincit.
664 2894 778 2940 evincat.
828 2893 959 2942 139eueo.

73 2959 307 3020 140Mqoomlroet.
330 2956 505 3018 quuaeltbet.
530 2956 830 3018 Pequumltbetiufirmis.
857 2957 962 3019 Equod-

73 3025 134 3072 libet
144 3023 179 3071 ad
184 3024 287 3085 jocinus
299 3023 360 3082 ipse.
391 3021 476 3069 Madv.
488 3022 614 3081 quodlibet
624 3023 658 3068 od
664 3022 766 3082 facilius
778 3022 831 3069 iste.
915 3022 960 3068 142

71 3087 270 3147 Eumnedcsque.
303 3084 582 3134 143Vobutuem'ssem.
617 3085 789 3133 Eecomitotu.
847 3085 893 3132 144
904 3084 963 3133 ΕΝ

71 3150 258 3212 sonae...foret.
334 3149 381 3198 146
398 3149 440 3200 sio
455 3149 486 3200 Ε.
522 3149 647 3210 eperfide,
662 3163 709 3210 quo
722 3151 813 3210 pretio,
830 3164 880 3210 qua
895 3163 960 3197 acce.

71 3215 110 3264 Pe
121 3230 169 3278 quo
180 3228 238 3264 nece
247 3211 287 3279 (1).

808 3315 897 3370 ’ὂ--Ἆ
