2122 3676
289 215 368 275 XII.
391 215 539 275 Maura
562 215 714 278 IASONI.
837 166 839 173 Ι
908 217 946 276 63

54 343 174 420 Accipit
192 342 320 419 hospitio
339 344 460 401 iuvenes
478 343 574 402 Aeeta
594 343 739 419 Pelasgos,
1040 406 1042 411 ,

73 454 76 460 ’
93 439 136 496 Et
154 439 288 516 premitis
307 438 400 515 pictos
418 458 539 515 corpora
559 439 649 498 Graia
667 445 754 498 toros
960 464 985 503 ³0

54 537 138 594 Tunc
157 555 211 612 ego
229 541 261 594 te
281 536 352 608 vidi,
374 541 445 594 tunc
464 536 546 613 coepi
565 538 647 610 seire,
668 537 735 613 quis
755 555 838 594 esses.

94 631 153 688 Illa
172 630 232 689 fuit
250 632 357 690 mentis
377 633 472 708 prima
491 632 577 690 ruina
596 651 684 690 meae.

54 727 96 786 Et
116 727 180 784 vidi
199 734 230 786 et
248 727 329 804 perii
371 747 425 786 nec
444 729 522 786 notis
542 729 659 805 ignibus
679 728 745 800 arsi,

94 823 192 880 Ardet
210 829 247 880 ut
267 823 304 880 ad
323 843 443 901 magnos
462 825 549 900 pinea
568 825 654 882 taeda
674 825 749 883 deos.

54 920 96 978 Et
116 919 258 976 formosus
278 938 350 991 eras,
371 925 402 978 et
421 939 468 977 me
487 939 553 978 mea
571 920 633 978 fata
652 920 814 1001 trahebant
961 925 984 986 3'5

94 1015 291 1074 Abstulerant
310 1017 388 1074 oculi
407 1017 521 1075 lumina
539 1024 640 1076 nostra
660 1017 712 1076 tui

54 1111 178 1185 Perfida,
200 1112 335 1170 sensisti:
356 1113 422 1190 quis
442 1115 520 1171 enim
540 1115 614 1171 bene
634 1115 709 1172 celat
729 1116 874 1172 amoremi

94 1207 215 1266 Eminet
233 1208 342 1266 indicio
361 1209 477 1285 prodita
497 1209 614 1267 flamma
633 1229 693 1268 suc.

55 1304 177 1362 Dicitur
195 1305 310 1363 interea
328 1305 386 1363 tibi
405 1305 462 1378 lex,
484 1312 520 1363 ut
540 1306 613 1363 dura
632 1306 760 1364 ferorum

94 1399 219 1457 Insolito
238 1419 383 1476 premeres
403 1420 518 1459 vomere
539 1401 613 1459 colla
632 1401 727 1461 boum.
959 1429 984 1462 40

54 1496 163 1553 Martis
183 1502 269 1554 erant
287 1497 367 1555 tauri
386 1498 452 1572 plus
472 1517 560 1574 quam
580 1517 632 1573 per
652 1517 760 1556 cornua
780 1499 866 1571 saevi,

95 1593 228 1662 Quorum
248 1593 387 1651 terribilis
408 1594 528 1670 spiritus
547 1594 625 1670 ignis
645 1600 727 1654 erat:

56 1690 134 1746 Aere
153 1690 240 1765 pedes
259 1689 351 1761 solidi,
374 1695 584 1766 praetentaque
603 1691 724 1748 naribus
742 1709 817 1762 aera,

94 1785 191 1861 Nigra
210 1806 262 1863 per
282 1788 405 1846 adflatus
425 1789 496 1846 haec
516 1807 630 1865 quoque
650 1790 727 1846 facta
746 1808 819 1846 suos,

55 1882 173 1940 Semina
193 1891 343 1958 praeterea
362 1884 484 1960 populos
504 1885 639 1959 genitura
658 1884 778 1952 iuberis,
960 1913 983 1950 ⁴⁵

95 1979 237 2056 Spargere
257 1980 362 2039 devota
382 1981 444 2038 late
463 2001 516 2056 per
534 2000 606 2039 arva
625 2001 723 2052 manu,

55 2077 115 2146 Qui
135 2082 268 2153 peterent
288 2077 365 2134 natis
386 2096 483 2135 secum
502 2082 555 2135 tua
570 2097 694 2155 ‘corpora
712 2079 796 2137 telis:

94 2174 154 2232 Illa
173 2182 218 2232 cst
238 2173 378 2249 agricolae
398 2174 499 2232 messis
518 2174 620 2251 iniqua
640 2193 700 2233 suo.

54 2271 182 2328 Lumina
201 2271 335 2343 custodis,
358 2273 542 2329 succumbere
562 2271 658 2329 nescia
678 2290 786 2343 somno,

94 2364 230 2426 Ultimus
250 2373 295 2426 est
315 2368 413 2444 aliqua
433 2368 565 2445 decipere
585 2375 647 2426 arta
667 2369 755 2427 labor.
956 2392 981 2428 ⁵0

54 2461 181 2518 Dixerat
200 2461 316 2520 Aeetes.
357 2463 461 2520 maesti
482 2463 656 2539 consurgitis
676 2482 783 2536 omnes,
866 2510 869 2516 .

94 2557 257 2633 Mensaque
277 2576 436 2634 purpureos
456 2558 564 2616 deserit
582 2559 644 2616 alta
662 2563 748 2616 toros.

55 2653 152 2722 Quam
172 2655 228 2711 tibi
246 2660 318 2712 tunc
337 2655 423 2730 longe
443 2673 563 2730 regnum
586 2655 681 2712 dotale
702 2655 826 2712 Creusae

94 2752 136 2809 Et
156 2769 235 2807 socer
254 2756 285 2808 et
304 2752 402 2826 magni
422 2757 493 2808 nata
513 2751 646 2810 Creontis
666 2752 774 2808 eranti

54 2848 160 2907 Tristis
180 2847 259 2906 abis:
279 2848 369 2906 oculis
389 2849 545 2906 abeuntem
564 2865 720 2924 prosequor
740 2843 814 2917 udis,
958 2869 981 2906 ss

94 2944 136 3000 Et
156 2943 233 3000 dixit
252 2943 336 3000 tenui
356 2962 505 3000 murmure
524 2943 625 3019 lingua
647 2939 756 2998 ‘valel’

102 3133 279 3196 29Veactpit.
313 3133 587 3194 ejuveacspatcroetc.
645 3129 676 3177 31
687 3127 724 3177 Pa
735 3127 803 3190 quid.
864 3127 895 3175 39
908 3125 943 3173 eV

54 3198 379 3248 dimcttctercctttirec.
444 3195 580 3245 48Varat.
648 3192 724 3265 54÷V
735 3197 796 3240 erat.
