2122 3676
249 212 308 275 IX.
330 215 536 275 DEIANIRA
560 215 760 277 HEROULI.
910 214 955 285 53.

61 344 200 422 Quaeque
219 333 401 405 redundebet
420 347 543 406 fecunde
563 348 684 406 vulnere
705 365 823 423 serpens
962 371 987 410 es

100 439 220 497 Fertilis
239 447 270 498 et
290 441 403 498 demnis
423 442 504 499 dives
523 443 561 498 eb
580 443 644 518 ipse
663 442 731 514 suis,

62 534 179 612 Quique
198 535 277 594 inter
296 537 470 614 laevumque
489 538 567 595 letus
586 539 760 615 laevumque
779 538 921 595 lacertum
1006 575 1008 579 ν

100 630 263 707 Praegrave
283 651 436 708 conpressu
456 633 538 690 fuuce
558 634 696 709 pependit
716 652 809 690 enus:

60 721 102 782 Et
120 725 197 784 mele
216 727 356 784 confisum
376 727 498 802 pedibus
517 727 668 803 fermeque
687 726 843 784 bimembri

99 822 224 881 Pulsum
243 823 414 881 Thessalicis
433 843 534 900 agmen
557 830 689 900 equestre
708 824 792 900 iugis.

60 918 145 976 Heec
164 924 199 976 tu
219 919 338 976 Sidonio
355 927 440 995 potes
460 920 618 996 insignitus
639 921 749 978 emietu
785 964 787 967 -

99 1015 226 1073 Diceret
246 1034 307 1073 nen
326 1017 408 1073 cultu
427 1017 529 1092 lingue
547 1021 662 1074 retente
681 1017 773 1074 siletl

59 1111 97 1170 Se
117 1132 234 1190 queque
252 1113 383 1189 nymphe
402 1115 462 1171 tuis
482 1115 597 1171 eruerit
617 1113 752 1171 laudunis
771 1112 870 1184 ermis,

99 1210 142 1267 Et
159 1209 233 1266 tulit
251 1228 268 1266 e
287 1215 372 1284 cepte
391 1215 461 1268 netu
479 1216 597 1286 trepece
616 1211 688 1268 vire.

59 1305 76 1363 I
96 1323 185 1376 nunc,
205 1303 276 1361 telle
296 1305 407 1362 enimes
427 1313 457 1362 et
477 1307 563 1362 fortia
583 1312 664 1381 geste
683 1324 804 1364 recense.
961 1344 997 1381 10⁵

99 1402 198 1472 Quum
219 1408 253 1458 tu
272 1421 435 1474 remesses,
456 1402 520 1460 iure
539 1402 586 1459 vir
608 1403 661 1459 ille
680 1403 744 1461 fuit.

59 1500 126 1571 Qua
146 1506 230 1558 tento
249 1501 404 1571 minores,
425 1506 535 1576 quante
555 1506 594 1573 te,
609 1501 736 1559 maxime
756 1520 863 1574 rerum,
943 1494 945 1499 ’

98 1598 194 1668 Quam
213 1617 286 1674 ques
305 1597 410 1669 vicisti,
432 1597 547 1655 vincere
566 1597 660 1654 meins
680 1604 749 1656 eret

58 1690 110 1751 Illi
130 1695 260 1770 procedit
279 1713 378 1752 rerum
398 1712 533 1751 mensure
552 1699 688 1752 tucrum:

98 1790 176 1848 Oede
195 1789 286 1848 benis.
314 1789 397 1847 heres
417 1790 511 1847 leudis
530 1790 624 1847 amice
642 1796 717 1848 tuee.

58 1885 85 1943 Ο
105 1885 216 1962 puderl
236 1885 343 1953 hirsuti
362 1886 450 1944 costis
470 1892 559 1944 exute
578 1886 670 1943 leonis

97 1982 212 2058 Aspera
231 1987 370 2040 texerunt
389 1982 497 2040 vellere
516 1982 602 2039 melle
621 1983 706 2040 letus

58 2079 181 2138 Falleris
199 2087 230 2138 et
245 2079 349 2138 ,neseis
377 2098 437 2136 nen
457 2085 527 2136 sunt
547 2080 638 2155 spolie
657 2080 709 2137 ille
728 2077 828 2150 leonis,

98 2175 156 2233 Sed
175 2181 234 2234 tue
245 2215 249 2223 ·
262 2181 355 2252 tuque
373 2176 429 2233 feri
448 2175 542 2233 victer
561 2194 600 2248 es,
621 2176 673 2233 ille
691 2177 745 2236 tui.

58 2273 179 2331 Femina
198 2272 259 2331 bele
277 2273 350 2330 tulit
369 2272 506 2331 Lernaeis
526 2279 590 2330 etre
609 2273 736 2345 venenis,
785 2297 792 2314 1
959 2314 993 2352 11⁵

97 2369 187 2427 Ferre
205 2387 324 2446 grevem
343 2369 411 2426 lune
429 2371 482 2426 vix
501 2370 571 2427 setis
591 2376 661 2446 epte
680 2369 785 2443 celum,

57 2460 263 2537 Instruxitque
281 2479 402 2518 menum
421 2460 503 2519 cleve
522 2462 673 2520 domitrice
691 2463 828 2534 fererum,

96 2558 184 2616 Vidit
203 2564 234 2616 et
249 2557 286 2614 in
305 2558 421 2634 speculo
441 2559 571 2634 coniugis
592 2578 675 2615 erme
694 2558 746 2617 eui

56 2655 141 2712 Haec
160 2660 259 2712 temen
278 2656 446 2712 eudierem:
469 2654 554 2712 licuit
572 2674 632 2711 nen
651 2654 765 2712 credere
785 2652 886 2725 femee,
997 2662 1000 2667 '

95 2751 138 2809 Et
156 2751 240 2809 venit
259 2751 296 2808 ud
316 2770 417 2809 sensus
436 2751 531 2808 mellis
551 2752 588 2807 eb
608 2770 677 2808 eure
698 2749 786 2808 dolor.

103 2927 135 2980 96
148 2929 248 2977 editior
257 2929 321 2989 ipse.
376 2926 442 2976 103⁶
453 2927 503 2974 tuis
513 2925 654 2986 decentibus
666 2925 771 2974 instruit
785 2925 870 2973 ermis.
903 2921 941 2973 Pa

54 2994 176 3043 oneravit.
211 2991 382 3040 VIemdceis.
454 2990 500 3039 106
513 2989 554 3039 Sic
565 2988 647 3039 Medv.
683 2988 938 3051 Heine.eenj.qeem.

54 3057 120 3107 PuM
130 3055 204 3119 qued.
238 3054 287 3104 Sed
298 3052 472 3118 subjunctivus
483 3068 544 3102 essee
559 3052 660 3113 ‘quum'
672 3051 804 3102 desideret.
869 3053 917 3100 110
931 3069 942 3100 ε

54 3127 169 3171 teueest.
235 3119 282 3167 111
299 3119 333 3168 eV
344 3118 517 3168 Meducestis.
574 3117 736 3166 PuMcestes.
801 3117 939 3166 llsseistc.

55 3186 102 3235 114
113 3185 148 3234 eV
154 3184 235 3246 serae.
