2122 3676
322 246 350 308 V.
375 245 547 308 ouNONu
564 246 725 307 PARIDI.
926 250 964 308 25

74 378 191 436 Incisae
208 381 334 435 servant
354 397 373 436 a
394 382 425 436 te
448 396 513 436 mea
533 377 653 435 nomina
675 377 744 456 fagi,
814 377 816 381 ’

117 475 160 532 Et
179 463 264 553 legor*
283 472 403 531 Oenone
424 473 497 531 falce
518 479 621 531 notata
641 479 714 533 tua:

76 571 118 630 Et
140 576 283 647 quantum
304 570 412 641 trunci,
433 574 551 627 tentum
575 589 640 628 mea
662 568 782 637 nomina
806 575 956 631 crescunt:
980 599 1005 638 ις

116 665 253 737 Crescite,
276 663 363 722 etin
385 663 489 722 titulos
512 664 622 742 surgite
643 669 724 722 recta
746 683 833 724 meos.

76 759 199 837 Popula,
223 760 299 834 vive,
322 778 431 836 precor,
456 778 530 836 quae
553 757 665 818 consita
685 758 816 835 margine
837 759 917 836 ripae
969 832 971 837 Ι

116 857 186 915 Hoc
207 855 242 913 in
264 874 369 933 rugoso
392 855 498 913 cortice
521 873 637 913 carmen
659 854 749 913 hebes

78 951 172 1011 ‘cum
193 950 278 1009 Paris
301 950 421 1009 Oenone
443 950 552 1028 poterit
573 949 683 1027 spirare
705 950 813 1026 relicta,

117 1048 170 1106 Ad
189 1047 302 1106 fontem
324 1047 442 1105 Xanthi
462 1067 547 1106 versa
570 1054 700 1106 recurret
721 1049 815 1126 aqua'
982 1077 1007 1114 ³0

77 1144 210 1216 Xanthe,
230 1150 309 1201 rotro
332 1162 462 1221 propera,
480 1163 638 1221 versaeque
655 1147 796 1204 recurrite
815 1145 968 1222 lymphae!

120 1237 253 1296 Sustinet
275 1236 416 1295 Oenonen
441 1237 600 1296 deseruisse
623 1236 715 1296 Paris.

79 1335 140 1393 Illa
161 1334 223 1392 dies
246 1335 342 1398 fatum
364 1334 487 1394 miserae
509 1335 584 1392 mihi
606 1333 691 1406 dixit,
715 1334 752 1392 ab
775 1333 829 1392 illa

119 1431 252 1491 Pessima
273 1430 381 1488 mutati
405 1431 499 1507 coepit
522 1429 629 1489 amoris
650 1429 771 1507 hiemps,

81 1526 148 1597 Qua
170 1526 274 1583 Venus
297 1530 328 1582 et
348 1523 435 1599 Iuno,
459 1526 641 1603 sumptisque
658 1524 808 1584 decentior
827 1523 917 1582 armis
947 1536 950 1540 ’
983 1558 1006 1598 35

120 1620 215 1679 Venit
234 1621 267 1677 in
286 1619 442 1679 arbitrium
461 1622 541 1680 nuda
560 1621 697 1680 Minerva
716 1627 810 1679 tuum.

84 1718 218 1778 Attoniti
236 1718 364 1776 micuere
384 1718 474 1792 sinus,
496 1720 668 1799 gelidusque
687 1719 824 1792 cucurrit,

122 1815 170 1874 Ut
188 1814 262 1873 mihi
282 1814 417 1888 narrasti,
442 1815 516 1874 dura
536 1836 588 1894 per
609 1836 674 1876 ossa
693 1823 808 1876 tremor.

82 1913 260 1973 Consului...
283 1931 379 1990 nequo
399 1913 479 1972 enim
498 1914 611 1973 modice
631 1915 797 1974 terrebor...
821 1931 953 1990 anusque

123 2010 349 2088 Longaevosque
368 2029 459 2070 senes.
501 2013 635 2072 constitit
654 2031 716 2072 esse
735 2012 825 2070 nefas.
984 2051 1009 2090 40

83 2108 175 2168 (laesa
194 2109 282 2182 abies,
305 2115 458 2187 sectaeque
477 2112 582 2172 trabes.
625 2117 656 2170 et
680 2112 770 2169 classe
789 2113 892 2187 parata

109 2204 249 2263 ¹Caerula
268 2211 380 2264 cerates
400 2207 505 2284 accipit
525 2208 605 2266 unda
625 2212 711 2266 rates.

82 2301 178 2361 Flesti
197 2301 381 2361 discedens...
405 2302 460 2362 hoc
480 2303 579 2362 saltim
599 2323 685 2381 parce
704 2321 828 2380 negare:

124 2396 291 2456 Praeterito
311 2399 405 2477 magis
425 2406 470 2459 est
490 2400 547 2460 iste
568 2402 723 2478 pudendus
742 2420 860 2460 amor...

84 2495 126 2553 Et
147 2495 231 2568 flesti,
253 2501 285 2554 et
304 2503 420 2556 nostros
440 2498 544 2557 vidisti
564 2498 663 2558 flentis
684 2498 808 2557 ocellos:

125 2589 300 2648 Miscuimus
321 2589 457 2650 lacrimas
477 2598 607 2652 maestus
626 2598 751 2671 uterque
772 2612 845 2652 suas.
985 2623 1011 2672 4⁶

84 2685 157 2744 Non
177 2685 220 2743 sic
239 2686 379 2763 adpositis
398 2689 529 2748 vincitur
547 2691 660 2750 vitibus
681 2691 786 2764 ulmus,

126 2779 175 2839 Ut
193 2785 248 2839 tua
267 2786 338 2869 sunt
357 2782 430 2841 collo
449 2784 585 2845 bracchia
603 2805 681 2846 nexa
700 2805 775 2845 meo.

134 2900 305 2952 murano.
330 2884 392 2952 Post
402 2903 434 2953 22
445 2904 594 2966 remeunt,
602 2907 712 2969 nmio
720 2877 973 2968 armamentorum

85 2968 183 3080 ἓιὲτωίεα
197 2968 256 3027 ripa
273 2964 305 3032 (Ε
321 2965 451 3081 νέτίοψι
465 2971 495 3018 e'es
510 2984 560 3032 qao
577 2973 657 3021 nostri
674 2969 859 3082 tp'tsrodscre‘pto
874 2985 973 3081 moach

85 3043 270 3143 micisern‘iiwseil’.
340 3095 372 3144 38
383 3112 395 3144 ε
406 3035 546 3149 tpmypnrphae.
555 3096 588 3147 40
598 3097 621 3147 Ε
630 3034 735 3159 ῗῗηοεῑγε
745 3041 855 3158 suffito.
904 3035 974 3146 ‘321⁸

63 3167 70 3179 ·
86 3170 221 3218 comaeque
233 3157 322 3207 cases.
386 3159 451 3209 421⁴}
463 3167 550 3223 certos,
564 3177 581 3212 c
594 3175 705 3224 supereo.
771 3161 851 3210 44-15
863 3159 891 3210 Μ
902 3159 974 3210 obelo

88 3220 197 3272 notovit.
263 3220 297 3270 45
306 3220 328 3270 E
335 3222 424 3284 flectis
434 3226 542 3277 socellos.
956 3231 961 3252 '1
