2122 3676
307 216 348 275 X.
370 215 565 274 ARIADNIl
584 216 754 278 renato.
940 219 977 278 57

92 345 181 402 Mons
200 345 274 406 fuit:
295 352 435 422 apparent
455 345 575 404 frutices
593 346 626 402 in
646 349 755 405 vertice
775 349 848 406 rari:
953 362 957 369 ’
992 381 1016 418 25

86 443 214 518 &Hinc
233 442 368 518 scopulus
387 443 483 500 raucis
503 443 611 518 pendet
630 443 734 501 adesus
754 445 850 520 aquis:

64 521 75 604 l
91 539 244 598 Ascendo:
265 539 343 596 vires
362 539 477 596 animus
496 538 585 596 dabat
595 557 608 596 ι·
622 545 710 616 atquc
729 541 773 596 ita
793 537 851 597 late

132 637 271 712 Aequora
290 642 444 713 prospectu
464 637 570 693 metior
589 635 650 692 alta
669 654 741 693 meo.
888 714 891 719 ι

92 734 168 791 Inde
188 753 266 810 ego...
288 753 357 791 nam
379 735 477 792 ventis
496 753 610 810 quoquc
630 753 695 792 sum
715 735 880 794 crudelibus
899 755 978 794 usa...

131 827 205 886 Vidi
224 828 377 905 praecipiti
396 829 514 886 carbasa
533 834 617 886 tenta
636 835 714 887 noto.
993 863 1018 900 30

92 926 159 983 Aut
177 925 248 997 vidi,
270 931 324 982 aut
343 930 420 983 certe
439 938 506 982 eum
525 944 572 983 me
593 925 700 983 vidisse
719 931 861 1001 putarem,

132 1021 279 1098 Frigidior
297 1021 389 1096 glacie
409 1021 643 1096 semianimisque
663 1021 714 1078 fui.

91 1117 124 1174 N
125 1135 157 1174 ec
176 1117 315 1192 languere
334 1116 386 1174 diu
406 1115 520 1192 patitur
540 1117 629 1174 dolor.
648 1190 649 1193 Ἴ
671 1115 783 1173 excitor
801 1116 861 1188 illo,

132 1213 256 1270 Excitor
274 1217 305 1270 et
324 1232 437 1270 summa
456 1213 567 1270 Thesea
586 1232 656 1270 voce
676 1232 753 1270 roco.

92 1309 177 1379 ‘Quo
195 1310 299 1386 fugiel'
320 1309 449 1367 exclamo
470 1308 620 1366 ‘scelerate
639 1315 785 1367 revertere
805 1309 926 1383 Theseu,
994 1337 1017 1374 35

132 1404 230 1462 Flecte
250 1406 356 1462 ratem!
376 1422 531 1460 numerum
551 1423 610 1463 non
630 1406 719 1463 habet
738 1407 789 1463 illa
808 1408 912 1465 suum'
932 1455 934 1458 .

92 1502 176 1559 Haec
195 1520 266 1578 ego·
285 1501 365 1578 quod
383 1501 448 1559 voci
469 1501 576 1573 deerat,
596 1503 735 1580 plangore
754 1503 917 1579 replebam:

130 1595 263 1654 Verbera
282 1616 347 1654 eum
354 1597 466 1675 verbis
485 1596 580 1655 mixta
599 1597 681 1656 fuere
701 1599 781 1658 meis

91 1690 125 1748 Si
145 1709 205 1749 non
225 1692 347 1765 audires,
368 1698 404 1749 ut
423 1693 527 1750 saltem
547 1711 664 1752 cernere
683 1713 788 1770 posses,

132 1787 261 1844 Iactatae
281 1788 383 1845 late
360 1807 444 1865 signa
463 1789 566 1847 dedere
586 1783 697 1848 manus.
993 1820 1018 1854 40

91 1882 308 1959 Candidaque
299 1884 416 1959 inposui
434 1886 537 1960 longae
555 1886 702 1944 velamina
721 1885 828 1964 virgae,

132 1981 248 2039 Scilicet
267 1982 373 2040 oblitos
392 1983 578 2041 admonitura
596 1985 661 2044 mci

90 2073 216 2150 Iamque
235 2076 325 2134 oculis
344 2085 460 2153 ereptus
481 2096 551 2137 eras
593 2078 669 2135 Tum
689 2077 814 2154 denique
834 2076 911 2136 flevi.

131 2169 313 2246 Torpuerant
332 2173 432 2230 molles
451 2179 520 2231 ante
540 2172 638 2232 dolore
656 2171 754 2249 genae.

91 2267 172 2338 Quid
191 2266 289 2342 potius
308 2267 445 2342 facerent,
465 2288 553 2346 quam
573 2287 620 2326 me
639 2287 705 2327 moa
724 2267 835 2326 lumina
854 2268 966 2341 flerent,
992 2298 1016 2336 ⁴⁵

132 2361 291 2440 Postquam
311 2364 457 2422 desierant
476 2365 543 2423 vela
561 2356 662 2427 affl
680 2366 754 2424 tual

89 2458 159 2518 Aut
177 2477 230 2534 ego
250 2458 363 2517 diffusis
383 2459 480 2516 erravi
499 2460 561 2517 sola
581 2459 702 2536 capillis,

133 2555 235 2626 Qualis
253 2557 291 2613 ab
312 2551 424 2632 Ogygio
444 2557 557 2614 concita
577 2555 691 2614 Baccha
710 2555 782 2613 deo:

89 2652 159 2710 Aut
178 2671 256 2710 mare
276 2652 453 2729 prospiciens
472 2653 505 2710 in
524 2672 596 2711 saxo
615 2652 722 2730 frigida
741 2652 812 2722 sedi,
966 2707 968 2712 ,

133 2747 285 2824 Quamque
305 2748 379 2825 lapis
398 2747 488 2828 sedes,
509 2754 571 2806 tam
591 2748 665 2826 lapis
685 2748 748 2824 ipsa
766 2747 819 2806 fui.
992 2776 1017 2813 50

140 3007 255 3057 2dehr'c.
288 3007 339 3055 VM
349 3020 423 3056 acac.
488 3006 652 3057 totheoaa
720 3008 829 3056 31caat
839 3008 915 3056 ettam
924 3021 980 3057 cam

89 3071 441 3122 noeUVaatcerticumme
519 3071 584 3120 MPc
599 3078 643 3119 cat
657 3078 782 3133 tamquam
791 3070 980 3134 paccataquod

90 3134 426 3187 nmiliessemihividetur.
459 3134 663 3185 Μώωαινὶἀί.
735 3136 767 3186 37
779 3135 875 3186 thoc.
945 3135 978 3184 ts

92 3207 183 3250 stunc.
247 3199 459 3262 44Vtmpetant.
523 3199 797 3263 itasccaeatpotiaa
