2122 3676
183 233 278 290 XIII.
307 229 525 291 LAODAMIA
551 229 815 291 PROTESILAO.
907 230 942 290 71

10 348 16 407 ¹-
60 363 121 421 Vix
147 381 227 420 socer
246 359 386 437 Iphiclus,
408 359 461 416 rix
480 379 527 417 me
547 359 727 435 grandaevus
746 361 882 432 Acastus
959 391 982 428 25

10 460 12 467 ’
97 460 163 517 Vix
183 464 277 516 mater
296 457 392 533 gelida
411 462 521 514 maesta
539 456 641 514 refecit
661 477 743 534 aqua.

61 554 198 614 Officium
217 552 309 610 fecere
328 550 417 627 pium,
440 550 490 607 sed
508 551 622 630 inutile¹
634 551 725 610 nohis.

97 649 243 725 Indignor
258 646 388 704 miserae
408 662 468 702 non
489 645 605 704 licuisse
624 647 707 704 mori.

59 748 106 808 Ut
125 744 214 804 rediit
234 745 358 815 animus,
380 743 492 818 pariter
511 742 623 800 rediere
643 743 763 802 dolores.

97 841 221 898 Pectora
241 839 390 915 legitimus
409 844 489 895 casta
508 823 666 894 momordit
685 857 773 896 amor.
959 872 984 908 30

56 936 121 997 Nec
141 937 216 994 mihi
235 936 392 1013 pectendos
412 954 482 992 cura
502 941 547 992 est
566 935 703 1010 praebere
723 935 853 1011 capillos,

96 1035 161 1092 Nec
180 1033 253 1090 libet
272 1038 375 1089 amata
395 1051 514 1107 corpora
535 1039 617 1089 veste
636 1031 706 1108 tegi.

57 1133 106 1192 Ut
126 1149 199 1207 quas
218 1128 373 1207 pampinea
391 1129 522 1204 tetigisse
543 1128 712 1205 Bicorniger
732 1129 817 1186 hasta

98 1225 244 1299 Creditur,
264 1230 302 1282 at
320 1224 399 1297 illuc,
421 1243 479 1299 qua
498 1224 581 1282 furor
600 1225 668 1301 egit,
690 1245 731 1284 eo.

57 1323 246 1383 Conveniunt
264 1327 373 1379 matres
393 1321 590 1396 Phylaceides,
611 1323 735 1382 etmihi
755 1325 882 1382 clamant
960 1354 982 1391 35

99 1419 208 1476 ‘Indue
223 1418 347 1494 regales,
368 1417 535 1491 Laodamia,
556 1420 637 1477 sinus
649 1420 668 1478 l’

58 1517 177 1577 Scilicet
196 1517 258 1592 ipsa
278 1535 376 1592 geram
397 1522 543 1574 saturatas
562 1519 673 1576 murice
694 1519 784 1591 lanas,

97 1613 182 1671 Bella
201 1613 255 1670 sub
275 1612 375 1670 Iliacis
394 1614 547 1671 moenibus
567 1615 616 1673 ille
637 1613 744 1692 geratl
772 1596 776 1604 i

57 1710 128 1787 Ipsa
148 1727 242 1766 comas
261 1713 369 1784 poetar,
391 1709 473 1784 galea
493 1716 581 1785 caput
599 1711 650 1768 ille
669 1690 836 1787 prematur:

97 1805 168 1882 Ipsa
187 1823 278 1861 novas
297 1808 402 1876 vestes,
424 1805 498 1862 dura
517 1805 565 1861 vir
584 1826 665 1864 arma
685 1807 785 1866 feratl
958 1836 983 1872 40

57 1902 126 1972 Qua
145 1918 272 1976 possum,
293 1899 426 1975 squalore
445 1907 512 1958 tuos
531 1900 649 1959 imitata
669 1902 782 1960 labores

98 1998 196 2069 Dicar,
218 1996 339 2055 ethaeo
358 1996 430 2054 belli
449 2004 581 2073 tempora
600 1998 695 2056 tristis
716 2018 807 2075 agam.

57 2094 187 2170 Dyspari
206 2091 364 2164 Priamide,
385 2092 491 2149 damno
510 2093 634 2149 formose
654 2098 782 2165 tuorum,
892 2110 897 2120 ·

96 2191 170 2249 Tam
189 2190 229 2248 sis
248 2189 341 2246 hostis
359 2189 446 2264 iners,
468 2207 556 2266 quam
575 2188 670 2247 malus
690 2190 792 2266 hospes
814 2209 886 2251 eras.

56 2289 124 2347 Aut
143 2293 175 2345 te
201 2286 362 2344 Taenariae
381 2286 488 2344 faciem
507 2287 637 2363 culpasse
656 2287 785 2360 maritae,
958 2312 982 2351 ⁴⁵

97 2385 165 2442 Aut
184 2382 230 2441 illi
249 2382 356 2441 vellem
376 2383 557 2459 displicuisse
576 2390 667 2443 tuam.

55 2483 111 2555 Tu,
132 2481 184 2559 qui
203 2499 258 2558 pro
277 2486 362 2557 rapta
381 2480 515 2553 nimium,
538 2479 682 2551 Menelao,
703 2479 825 2554 laboras,

97 2579 135 2638 Ei
154 2579 229 2636 mihi
248 2597 336 2655 quam
355 2576 458 2635 multis
477 2577 582 2636 flebilis
602 2575 681 2634 ultor
699 2577 776 2635 eris!

56 2675 108 2748 Di,
129 2694 239 2752 precor,
260 2693 278 2731 a
297 2672 382 2731 nobis
402 2691 487 2732 omen
506 2678 655 2730 removete
674 2671 836 2743 sinistrum,

97 2771 139 2829 Et
158 2790 211 2829 sua
230 2768 401 2828 det⁸reduoi
420 2769 468 2826 vir
487 2787 569 2827 meus
588 2786 670 2852 arma
690 2766 764 2826 Iovi.
957 2792 982 2829 50

828 1197 927 1274 >lolli

105 3032 136 3082 29
149 3030 183 3081 rV
192 3038 267 3095 atque
277 3029 374 3080 calmas
384 3032 468 3081 rediit.
538 3028 667 3092 34ano.
732 3029 945 3094 thephplaaa’dia

56 3095 230 3148 B‘lereater.
298 3096 422 3158 38ra'psa.
457 3094 577 3155 svperet·
634 3095 664 3144 39
677 3092 850 3156 erreaoetar.
913 3096 946 3144 40

57 3159 174 3274 {Vacca
249 3159 280 3210 41
292 3160 326 3210 eV
336 3174 390 3223 qao.
463 3159 540 3209 rsev
550 3158 602 3208 dua
612 3157 684 3207 Part.
735 3157 849 3208 ¹45eot.
913 3160 945 3209 48
