2122 3676
293 219 333 278 X.
355 218 552 278 Ansam
571 219 740 280 THESEO.
921 223 976 297 59,

67 349 157 407 Nunc
177 368 230 425 ego
249 367 310 405 non
330 344 448 407 tautum
467 368 542 425 quae
562 369 627 407 sum
647 368 776 426 passura,
797 349 938 422 recordor,
976 387 979 394 -

107 446 167 504 Sed
186 465 385 523 quaecumque
404 452 501 522 potest
520 447 581 503 ulla
600 447 703 503 relicta
722 430 793 521 pati.
973 471 998 510 ⁸0

68 542 236 601 Ooourruut
256 543 354 601 auimo
374 544 515 619 pereundi
534 544 616 601 mille
635 544 760 619 figurae:

108 638 249 715 Morsque
269 640 366 696 minus
385 658 494 716 poenae
513 658 601 716 quam
620 659 702 697 mors
721 641 823 697 mortis
842 639 938 698 habet.
1022 706 1024 719 Ι

69 737 136 794 Ism
155 735 215 794 iam
235 743 375 794 venturos
395 743 447 795 aut
467 737 521 794 hae
540 743 593 795 sut
613 738 744 814 suspicor
762 737 830 794 illas
905 807 907 809 ι
949 736 960 752 '

110 830 170 901 Qui
190 831 304 889 lanient
323 832 410 889 avido
429 832 541 890 viscera
561 832 656 904 dente,
678 832 770 908 lupos.
808 880 809 884 ,

70 929 208 988 Forsitan
227 936 258 988 et
278 929 373 987 fulvos
387 930 481 987 tellus
500 929 561 987 alat
581 929 639 986 ista
658 929 763 987 leones
876 939 881 952 '
915 951 918 954 ·
938 934 941 939 ⁴
973 951 996 998 8⁵

111 1025 185 1095 Quis
204 1025 259 1083 soit
279 1045 317 1082 an
337 1032 368 1083 et
387 1045 502 1110 saevam
521 1025 630 1100 tigrida
649 1024 709 1081 Dia
727 1022 824 1111 ferst‘l

71 1120 112 1178 Et
132 1121 207 1179 freta
226 1121 364 1180 dicuntur
384 1140 504 1198 magnas
523 1121 667 1197 expellere
687 1102 799 1197 phoeas

111 1217 185 1287 Quis
203 1224 287 1275 vetat
306 1224 336 1276 et
355 1219 465 1296 gladios
485 1238 537 1295 per
555 1219 661 1276 latus
652 1237 696 1276 ire
715 1218 827 1275 meum‘l

70 1313 199 1372 Tantum
218 1334 257 1373 ne
276 1315 381 1391 religer
401 1316 474 1373 dura
493 1316 610 1392 captiva
630 1321 740 1413 eatena,
800 1344 802 1349 ·

110 1409 195 1470 Neve
208 1411 323 1469 traham
343 1430 428 1469 serva
446 1411 568 1488 grandia
586 1376 695 1488 psiri‘id
695 1429 798 1468 manu·
889 1446 891 1451 ·
973 1442 1030 1487 φοἸ

72 1508 128 1566 Oui
147 1513 231 1584 pater
250 1513 295 1565 est
314 1508 421 1578 Minos,
443 1507 491 1565 eui
510 1514 604 1564 mater
623 1507 685 1564 filia
706 1504 826 1576 Phoebi,
898 1536 900 1540 .

111 1600 253 1676 Quodque
273 1600 364 1676 magis
384 1599 512 1672 memini,
534 1619 608 1676 quae
628 1599 684 1657 tibi
703 1604 789 1676 pasta
807 1597 916 1655 fui.

71 1698 104 1756 si
124 1715 212 1768 mare,
233 1695 258 1753 si
277 1701 370 1752 terras
389 1700 577 1771 porrectaque
596 1694 684 1752 litora
703 1693 773 1766 vidi,

112 1794 212 1852 Multa
232 1793 306 1850 mihi
325 1799 428 1863 terrae,
449 1793 543 1849 multa
562 1793 714 1848 minantur
733 1809 833 1866 aquae.

73 1888 193 1948 Caelum
213 1888 349 1959 restabat,
370 1887 460 1944 timeo
479 1886 633 1943 simulaors
652 1885 780 1943 deorum.
952 1870 1008 1956 55
1026 1866 1038 1879 ⁴

31 2051 33 2056 1
113 1985 266 2043 Destituor
285 1983 394 2059 rapidis
413 1983 520 2058 praeda
539 1981 679 2058 cibusque
697 1980 775 2038 feris.

72 2081 143 2140 Sive
162 2081 263 2139 oolunt
282 2079 474 2154 habitantque
494 2077 559 2148 viri,
581 2076 739 2134 diffidimus
758 2073 831 2132 illis:

113 2178 259 2236 Externos
278 2175 368 2233 didici
387 2177 465 2233 laesa
483 2174 587 2231 timere
607 2173 694 2230 viros.

71 2275 197 2332 Viveret
217 2270 387 2346 Androgeos
406 2270 528 2342 utinam,
550 2287 604 2326 nee
623 2269 700 2326 faeta
720 2267 823 2326 luisses

114 2370 211 2446 Impia
230 2367 391 2440 funeribus,
413 2367 534 2443 Cecropi
552 2372 641 2447 terre2
655 2365 739 2441 tuis:

73 2468 137 2526 Nee
157 2471 384 2538 tuamaotesset
403 2466 511 2523 nodoso
531 2454 640 2540 stipite,
659 2463 783 2534 Theseu,

111 2562 216 2620 Ardua
235 2567 319 2637 parte
337 2561 435 2617 virum
455 2560 583 2631 dextera,
604 2563 687 2634 parte
706 2557 830 2614 bovem:

73 2659 137 2717 Neo
157 2657 214 2715 tibi
234 2676 307 2732 quae
327 2657 438 2715 reditus
458 2660 663 2727 monstrarent,
685 2654 736 2712 fila
755 2652 905 2711 dedissem.

27 2824 29 2828 ¹
113 2754 180 2813 Fila
198 2773 250 2831 per
268 2753 408 2812 adductas
427 2771 512 2830 saepe
531 2757 646 2829 reoepta
664 2769 776 2810 manus

121 3035 201 3092 st'ev
211 3044 267 3092 alit.
348 3043 379 3092 86
391 3042 427 3092 οἵ
441 3044 501 3104 Quis
516 3043 565 3093 soit
577 3057 611 3092 aa
622 3043 681 3092 boec
691 3057 778 3092 saevos
789 3043 874 3092 imula
885 3043 960 3103 tipres

72 3106 156 3156 tebet.
188 3105 429 3169 Mttaridostmalo
440 3108 521 3159 tutet.
582 3109 754 3169 87ema9nos.
811 3107 960 3168 ttsmaao.

72 3169 286 3232 sacernam.
321 3169 345 3222 V
350 3172 411 3234 sote
422 3172 528 3221 tulisses.
604 3169 814 3235 movimpema
