2122 3676
288 187 366 247 ΧΗ.
389 155 537 249 urens
566 190 720 253 rasori.
912 193 949 254 er

52 313 147 372 Iussa
166 313 251 373 domo
270 316 350 388 cessi,
371 317 450 376 netis
470 319 609 378 comitata
628 320 741 390 duobus
965 350 1000 386 13⁵

99 409 150 482 Et,
171 411 224 486 qui
243 431 290 470 me
312 413 445 488 sequitur
464 432 585 492 semper,
606 434 704 474 amore
723 416 777 475 tui

54 504 106 564 Ut
128 506 226 564 subito
249 513 363 566 nostras
386 510 508 586 Hymen
528 518 663 570 cantatus
682 512 720 570 ad
740 532 824 572 aures

99 602 203 675 Venit,
226 609 256 661 et
280 624 399 664 accenso
419 607 567 684 lampades
586 609 654 684 igne
674 609 790 684 micant,

54 699 202 776 Tibiaque
221 701 346 760 effundit
366 704 483 762 socialia
502 705 632 763 carmina
651 707 742 779 vobis,
776 779 780 786 ι

99 799 146 855 At
167 798 241 856 mihi
263 798 386 858 funerea
406 802 548 860 flebiliora
568 804 649 875 tuba,
966 829 1002 864 140

56 890 215 966 Pertimui‚
236 883 289 951 nea
310 895 404 952 adhue
424 902 543 954 tantum
565 897 657 955 scelus
676 917 738 956 esse
757 899 914 974 putabam3

100 987 158 1045 Sed
177 994 276 1046 tamen
296 989 329 1046 in
348 995 412 1047 tote
431 997 545 1066 pectore
565 993 657 1069 frigus
678 999 748 1054 erat.

54 1083 159 1141 Turba
178 1090 278 1158 ruunt,
294 1091 325 1143 et
345 1086 495 1162 ‘Hymen'
515 1088 651 1164 clamant,
674 1091 878 1167 ‘Hymenaee'
898 1092 952 1148 fre-

140 1187 291 1257 quentant

100 1275 166 1346 Quo
186 1279 304 1354 propior
322 1298 382 1336 vex
402 1279 481 1353 haee,
502 1279 651 1339 heumihi
670 1282 753 1358 peius
773 1289 843 1341 erat

56 1374 179 1431 Diversi
198 1373 309 1432 flebant
330 1375 414 1448 servi,
438 1374 627 1452 lacrimasque
646 1377 790 1453 tegebant
966 1408 1000 1444 ης

101 1471 175 1540 Quis
193 1471 283 1529 vellet
303 1471 381 1529 tanti
401 1473 525 1531 nuntius
549 1493 611 1533 esse
631 1476 725 1535 malil

56 1567 112 1624 Me
136 1587 259 1645 quoque,
280 1570 424 1646 quidquid
444 1577 515 1645 erat,
536 1573 635 1648 potius
654 1573 765 1632 nescire
784 1574 923 1632 iuvabat:

99 1666 158 1724 Sed
177 1672 327 1748 tanquam
347 1667 458 1739 aeirem,
479 1687 561 1728 mens
580 1688 646 1727 mea
665 1671 758 1728 tristis
778 1678 848 1729 erat.

58 1761 137 1819 Onm
159 1762 256 1820 minor
276 1783 292 1821 e
311 1764 445 1839 pueris...
468 1765 549 1824 lusus
570 1767 724 1844 studioque
743 1767 863 1825 videndi

100 1856 242 1916 Constitit
260 1860 296 1918 ad
317 1860 448 1934 geminae
467 1861 571 1920 limina
590 1864 685 1939 prima
704 1865 811 1921 foris...
965 1900 1001 1935 150

59 1953 153 2011 ‘Hine
188 1955 270 2031 mihi,
305 1963 408 2032 mater,
442 1958 506 2017 ubil
547 1977 683 2035 pompam
715 1961 810 2036 pater’
853 1959 951 2036 inquit

142 2050 244 2109 ‘Iason

99 2147 200 2218 Ducit,
221 2155 252 2208 et
271 2150 423 2210 adiunctos
443 2170 548 2210 aureus
568 2159 675 2229 urguet
695 2157 801 2229 equos!

58 2245 201 2303 Protinus
220 2247 348 2306 abscissa
366 2249 470 2324 planxi
489 2268 554 2307 mea
572 2256 690 2326 pectora
708 2256 798 2325 veste,

99 2346 177 2403 Tuta
196 2364 249 2403 nee
269 2364 288 2402 a
307 2345 408 2420 digitis
429 2365 480 2404 ora
499 2346 581 2404 fuere
600 2347 681 2405 meis

58 2445 110 2521 Ire
129 2444 244 2502 animus
263 2442 376 2500 mediae
395 2443 536 2502 suadebat
555 2444 587 2501 in
606 2444 724 2520 agmina
743 2446 854 2519 turbae,
964 2472 999 2509 155

100 2541 241 2617 Sertaque
260 2539 427 2615 compositis
446 2540 562 2599 demere
582 2547 667 2617 repta
686 2541 783 2598 comis

107 2714 284 2776 139eeffudit.
361 2713 407 2763 143
420 2713 514 2762 eVom.
527 2721 558 2763 et.
635 2714 669 2764 eV
680 2716 824 2778 hymenaee.
901 2713 947 2764 149

61 2778 99 2827 Pa
119 2792 174 2826 cum
195 2780 300 2826 clamere
321 2778 414 2826 Pheres
434 2779 528 2839 jussae.
561 2776 633 2840 Piget
651 2792 693 2828 me
714 2791 730 2827 a
751 2777 825 2826 docto
846 2776 901 2826 viro
922 2780 948 2827 et

57 2841 89 2890 de
102 2840 191 2890 Ovidis
202 2840 297 2903 optime
307 2841 400 2891 men'to
410 2840 543 2892 dissidere:
554 2841 621 2890 nihil
632 2844 717 2892 autern
725 2840 797 2890 video
806 2855 850 2890 eur
861 2854 948 2891 versus

55 2905 153 2955 mutari
167 2905 263 2955 debeat.
296 2904 410 2955 Minore
424 2905 510 2968 puetis
524 2908 593 2968 (¹0ur
606 2919 718 2968 younger
732 2904 821 2969 ehild’)
835 2919 851 2955 a
865 2907 947 2955 matre

56 2971 145 3032 J'nssns
161 2968 218 3031 quis
234 2968 268 3019 sit
283 2969 411 3018 tumultus
430 2969 574 3030 speeulatur
588 2971 613 3018 et
630 2968 721 3031 puerili
740 2968 824 3018 studio
841 2968 874 3019 ad
890 2969 947 3030 ipsa

55 3033 148 3084 limina
168 3033 288 3096 presedit.
320 3033 391 3082 Bene
413 3033 518 3084 Ovidius
539 3033 587 3082 has
608 3035 693 3095 partes
715 3032 809 3082 minori
827 3047 842 3084 e
860 3033 947 3095 pueris

55 3097 134 3156 dedit,
151 3098 233 3160 major
252 3096 321 3147 enim
342 3111 423 3158 quum
443 3111 497 3147 rem
518 3097 609 3148 melius
630 3096 796 3148 intellexisset
817 3111 871 3147 non
892 3099 946 3146 tam

56 3160 141 3212 subito
151 3161 229 3213 matri
239 3160 404 3212 nuntiaturus
414 3163 476 3214 erat.
542 3162 669 3212 ltletio.

789 3261 866 3318 5-2
