2122 3676
240 186 309 276 ‘is
332 188 545 276 aninumr
566 216 763 277 aaronis.
912 217 949 274 55

66 348 104 404 ni
124 346 205 416 mihi,
226 347 389 425 quidfeoii
411 367 469 424 quo
489 367 535 405 me
556 348 637 404 furor
657 348 717 424 egit
737 349 903 406 amantemi
965 374 1000 413 14⁵

103 443 201 519 Impia
220 443 291 520 quid
311 443 427 500 dubitas
448 443 589 500 Deianira
608 444 702 502 morit

66 540 119 623 An
140 545 210 596 tuus
229 539 262 595 in
281 538 378 596 media
398 539 526 595 coniunx
546 539 722 595 lacerabitur
743 539 824 610 Oeta,

104 636 150 693 Tu
170 635 284 694 sceleris
304 636 382 693 tenti
402 624 489 693 eausa
508 641 654 712 superstes
675 637 752 694 erist

65 732 169 810 Siquid
189 733 283 790 adhue
302 733 395 791 habeo
414 733 493 807 faeti,
515 752 567 790 our
587 732 726 790 Herculis
746 751 821 789 uxor

105 829 222 900 Oroden
244 829 373 906 coniugii
392 849 470 887 mors
490 830 565 886 mihi
584 830 692 905 pignus
712 829 775 887 erit.

64 926 110 983 Tu
131 945 246 1003 quoque
266 944 417 1003 cognosces
436 925 468 982 in
489 945 543 998 me,
564 925 718 1002 Meleagro,
740 944 872 983 sororem.

105 1020 203 1097 Impia
223 1020 294 1096 quid
315 1020 432 1078 dubitas
452 1020 593 1078 Deianira
611 1021 705 1079 morit

65 1116 137 1174 Heu
158 1116 263 1174 devota
282 1116 402 1173 domus!
423 1116 495 1173 solio
515 1117 597 1174 sedet
617 1118 724 1193 Agrios
745 1118 822 1178 alto:

105 1212 205 1270 Oenea
224 1211 370 1269 desertum
381 1212 470 1269 vnuda
489 1219 605 1270 senecta
625 1213 748 1289 premit:

65 1307 178 1364 Exulat
197 1305 305 1383 ignotis
325 1307 440 1382 Tydeus
460 1327 614 1384 germanus
634 1308 666 1364 in
686 1309 761 1369 oris:
820 1372 822 1377 ,

107 1403 195 1461 Alter
213 1402 299 1460 fatali
318 1404 404 1462 vivus
424 1405 457 1461 in
476 1405 545 1482 igne
564 1405 638 1463 fuit:

64 1499 175 1576 Exegit
194 1499 304 1557 ferrum
324 1519 377 1557 sua
396 1519 449 1576 per
467 1503 635 1577 praecordia
655 1508 755 1560 mater.

104 1596 203 1672 Impia
221 1595 294 1673 quid
314 1596 432 1655 dubitas
452 1598 593 1657 Deianira
613 1601 705 1660 morit

65 1690 215 1766 Deprecor
233 1691 288 1748 hoo
307 1710 401 1749 unum
420 1713 473 1768 per
492 1694 557 1751 iura
577 1695 731 1752 sacerrima
750 1694 827 1764 lecti,

106 1787 154 1844 Ne
174 1786 276 1844 videar
294 1788 363 1846 satis
383 1789 522 1858 insidiata
541 1791 608 1848 tuis.

64 1883 179 1941 Nessus
198 1889 233 1941 ut
253 1890 297 1942 est
316 1885 436 1944 avidum
455 1906 607 1964 percussus
627 1889 769 1945 arundine
788 1893 897 1964 peetus,

96 1979 192 2036 '‘Hio’
213 1979 291 2037 dixit
312 1981 401 2039 ‘vires
421 1982 539 2057 sanguis
558 1982 664 2039 amoris
684 1981 789 2040 habet!
993 1969 995 1973 ¹

65 2075 159 2135 Inlita
178 2076 290 2135 Nesseo
309 2078 377 2136 misi
396 2079 452 2136 tibi
472 2085 555 2137 texta
575 2098 696 2137 veneno.
781 2115 784 2121 ·

104 2169 203 2247 Impia
222 2171 294 2248 quid
314 2172 432 2230 dubitas
453 2173 595 2232 Deianira
614 2174 706 2232 morii

66 2264 190 2342 Iamque
208 2266 283 2335 vale,
303 2267 456 2344 seniorque
475 2274 559 2346 pater
578 2288 772 2346 germanaque
792 2268 896 2345 Gorge,
973 2299 994 2324 ι)

106 2360 148 2418 Et
167 2359 264 2436 patria
284 2366 314 2419 et
334 2362 447 2437 patriae
466 2363 560 2421 frater
578 2364 712 2440 adempte
732 2371 808 2436 tuae,

66 2459 108 2517 Et
127 2463 162 2516 tu
182 2459 236 2516 lux
255 2458 346 2517 oeulis
366 2459 506 2518 hodierna
525 2460 686 2518 novissima
704 2460 823 2531 nostris,

104 2553 266 2630 Virque...
284 2555 334 2613 sed
354 2574 371 2613 o
391 2556 533 2632 possiti...
552 2563 582 2614 et
601 2575 674 2633 puer
694 2556 794 2633 Hylle,
815 2555 894 2613 vale!

115 2731 161 2781 145
178 2751 190 2782 ε
207 2733 262 2783 heu.
336 2733 383 2785 147
400 2751 412 2782 e
427 2735 510 2783 ettae.
587 2733 633 2784 149
650 2733 684 2783 eV
701 2733 811 2794 etquid.
883 2729 959 2779 150«

63 2797 146 2845 dicor.
223 2797 269 2846 153
281 2796 316 2846 οἵ
326 2800 416 2848 aerior.
492 2797 596 2847 lasset
603 2800 692 2861 patrio
699 2798 811 2860 patriae.
889 2794 959 2844 lose
1024 2827 1026 2831 -

62 2859 248 2924 aequantia.
281 2861 358 2911 Villo
369 2875 415 2925 pro
426 2863 512 2927 Hylle.
