2122 3676
325 242 355 306 r·
373 241 601 319 rruarorr
625 244 751 306 urim
962 246 980 304 a

87 377 202 451 Totque
222 368 309 434 simul
328 381 457 434 mactare
476 374 569 448 viros,
584 374 703 432 adiutus
718 375 761 432 'ab
780 372 870 430 unol
922 387 924 391 ·

128 472 175 529 At
194 472 268 529 bene
288 477 392 528 oautus
411 489 475 528 eras
494 476 526 528 et
545 475 745 530 memorante
764 469 839 528 meil

84 567 193 644 >Usque
212 575 294 624 metu
313 567 440 625 micuere
459 566 550 640 sinus,
571 566 642 623 dum
661 565 756 624 riotor
774 565 900 623 amioum
993 589 1017 626 u

128 665 234 722 Dictus
255 683 285 723 es
305 664 438 722 Ismariis
457 665 513 722 isse
532 683 585 740 per
604 681 710 740 agmen
729 662 835 739 equis..

88 760 146 818 Sed
166 751 241 818 mihi
261 760 333 838 quid
352 761 471 837 prodest
490 760 597 818 vestris
617 758 738 816 disiecta
757 757 875 819 lacertis

127 856 209 930 Ilios,
230 863 261 915 et
280 876 382 915 murus
401 858 479 935 quod
498 857 556 915 fuit
576 875 637 914 esse
656 856 759 928 solum,
930 867 932 871 ’

88 949 122 1009 si
141 969 245 1009 maneo
266 951 361 1027 qualis
381 950 467 1009 Troia
486 951 612 1009 durante
631 951 794 1021 manebam,

126 1046 242 1124 Virque
262 1047 337 1104 mihi
356 1047 473 1122 dempto
493 1046 552 1103 fine
572 1047 712 1104 carendus
731 1045 830 1104 abest?
993 1079 1018 1116 50

37 1220 40 1226 ἧ
87 1144 197 1202 Diruta
217 1150 288 1202 sunt
308 1144 383 1218 aliis,
404 1144 458 1201 uni
477 1144 552 1200 mihi
571 1142 714 1219 Pergama
733 1147 857 1214 restant,

127 1242 229 1301 Incola
248 1242 365 1318 captivo
385 1260 460 1317 quae
480 1240 554 1299 bove
573 1241 669 1298 victor
691 1245 762 1298 arat

87 1339 154 1397 Iam
173 1358 254 1416 seges
274 1345 327 1411 est,
349 1338 401 1396 ubi
420 1337 508 1395 Troia
527 1337 594 1412 fuit,
614 1335 828 1412 resecandaque
847 1334 922 1392 falae
943 1349 944 1352 ’

125 1434 271 1493 Luxuriat
290 1433 421 1512 Phrygio
440 1435 590 1511 sanguine
602 1433 720 1511 pinguis
738 1433 860 1490 humus:

86 1530 281 1608 Semisepulta
299 1531 398 1588 virum
417 1530 514 1589 curvis
533 1531 681 1589 feriuntur
700 1531 804 1589 aratris
992 1563 1016 1599 5⁵

126 1625 207 1686 Ossa
249 1626 382 1685 ruinosas
402 1616 508 1684 oeculit
527 1627 618 1685 herba
637 1627 744 1686 domos

84 1721 194 1781 Victor
213 1723 288 1782 abes.
330 1742 385 1780 neo
405 1723 478 1781 scire
497 1724 580 1798 mihi,
602 1743 676 1800 quae
696 1744 783 1788 eausa
803 1727 946 1801 morandi,

126 1820 193 1877 Aut
212 1820 245 1877 in
264 1839 322 1897 quo
342 1821 434 1879 lateas
453 1820 565 1880 ferreus
583 1823 662 1895 orba,
683 1821 760 1881 lieet.

86 1916 226 1994 Quisquis
245 1918 283 1976 ad
302 1918 374 1975 haee
392 1919 484 1976 vertit
502 1918 687 1996 peregrinam
705 1919 808 1977 littora
827 1921 958 1998 puppim,
1038 1996 1040 2001 ⁴

126 2011 184 2070 Ille
203 2013 277 2070 mihi
296 2012 332 2070 de
353 2019 384 2071 te
403 2013 497 2072 multa
516 2018 636 2090 rogatus
655 2012 732 2072 abit:
991 2039 1014 2077 σο

86 2109 240 2185 Quamque
259 2110 315 2167 tibi
334 2110 447 2182 reddat,
468 2109 494 2168 si
513 2115 544 2181 te
563 2109 649 2167 modo
668 2109 778 2168 viderit
797 2129 928 2190 usquam,

124 2203 264 2263 Traditur
283 2206 352 2264 huia
372 2206 473 2282 digitis
492 2205 594 2264 charta
613 2211 716 2264 notata
735 2207 817 2267 meis

84 2299 150 2360 Nos
170 2300 275 2378 Pylon,
296 2302 413 2379 antiqui
432 2303 537 2365 Neleia
556 2302 691 2361 Nestoris
711 2323 790 2379 arva,
818 2304 820 2307 ’
849 2304 870 2323 ”
913 2304 915 2309 '

124 2397 269 2458 Misimus.
311 2398 424 2457 incerta
442 2392 489 2458 est
507 2399 586 2457 fama
604 2399 726 2457 remissa
745 2399 828 2476 Pylo.

83 2496 221 2554 Misimus
240 2502 272 2554 et
292 2495 431 2572 Sparten:
452 2496 554 2573 Sparte
574 2516 689 2574 quoque
708 2497 806 2555 nescia
825 2497 896 2558 veri.
991 2516 1015 2563 σς

126 2592 205 2674 ρυλε
225 2593 340 2651 habitas
360 2600 460 2669 terras,
483 2599 535 2652 aut
554 2593 607 2651 ubi
626 2593 724 2652 lentus
744 2595 829 2654 abest

83 2687 200 2746 Utilius
220 2694 334 2746 starent
355 2689 446 2746 etiam
465 2709 544 2747 nuno
565 2683 680 2748 moenia
702 2690 823 2749 Phoebi.

123 2783 239 2842 Irascor
259 2783 337 2843 votis
358 2785 417 2844 heu
438 2785 541 2844 levis
532 2805 595 2862 rpsa
616 2786 702 2844 meis!

82 2879 195 2939 Scirem
216 2879 269 2936 ubi
290 2898 442 2958 pugnares,
466 2886 496 2952 et
519 2885 636 2941 tantum
658 2881 735 2938 bella
755 2880 898 2957 timerem,

122 2977 165 3035 Et
185 2995 250 3034 mea
268 2996 335 3035 cum
355 2977 458 3035 multis
478 2978 578 3036 iuncta
598 2978 727 3055 querella
746 2977 829 3037 soret
949 2981 950 2985 ’
990 3010 1014 3048 70

128 3125 273 3173 48e1lioa.
305 3123 355 3174 Pro
366 3139 416 3174 esse
427 3124 486 3174 mv
496 3131 564 3174 aute.
616 3123 749 3173 sonarit.
785 3123 972 3185 ‚ttsioeVPa

81 3186 186 3302 &praga
220 3185 364 3304 Μθπθουέιίιζι·
424 3189 495 3279 d3E
509 3190 651 3238 udNeleia.
716 3187 749 3238 64
760 3186 817 3238 Om.
828 3189 860 3250 E,
874 3186 976 3238 additus

823 3332 915 3392 l-‘t
