2122 3676
20 274 22 278 Α
114 214 153 273 54
351 212 495 275 OVIDII
515 215 758 276 EPISTULAE.

115 341 197 399 Ante
216 359 295 398 meos
314 342 412 399 oculos
431 342 586 400 adducitur
605 343 718 402 advena
736 331 830 422 pelen,

154 439 217 498 Nec
237 439 318 512 mihi,
341 459 414 515 quae
433 440 538 516 patior,
559 424 742 499 dissimulare
762 441 837 502 licet

114 536 145 594 N
146 557 183 594 on
203 537 275 594 sinis
294 537 407 595 averti:
426 537 551 594 mediam
572 537 687 613 captiva
706 557 758 614 per
777 539 880 597 urbem

154 632 263 690 Invitis
283 632 374 690 oculis
393 632 558 709 aspicienda
576 633 666 693 venit

66 751 100 788 12⁵
116 726 178 784 Nec
198 727 281 785 veuit
301 728 421 785 incultis
441 733 590 803 captarum
610 747 689 786 more
709 729 828 805 capillis,

154 823 314 880 Fortunam
333 824 420 881 vultu
439 825 514 881 fassa
533 830 649 900 tegente
669 842 758 884 suam.

114 920 285 996 Ingreditur
304 921 363 978 late
383 921 443 977 lato
462 921 628 997 spectabilis
647 940 726 994 auro,

155 1017 287 1087 Qualiter
307 1019 338 1075 in
359 1017 488 1094 Phrygia
507 1022 542 1075 tu
561 1035 676 1094 quoque
690 1017 792 1075 cultus
813 1036 884 1077 eras.

115 1116 176 1173 Dat
195 1116 311 1173 vultum
331 1116 436 1192 populo
456 1115 588 1173 sublimis
607 1122 643 1173 ut
663 1114 791 1173 Hercule
813 1114 897 1175 victo·

66 1237 101 1273 1³0
155 1213 322 1272 Oechaliam
343 1213 412 1271 vivo
431 1218 508 1270 stare
527 1218 648 1289 parente
667 1217 760 1288 putea

115 1309 249 1366 Forsitan
269 1315 299 1367 et
318 1309 402 1385 pulsa
421 1308 558 1366 Aetolide
581 1298 739 1366 Deianira⁴

155 1404 281 1462 Nomine
301 1405 432 1481 deposito
451 1404 550 1480 pelicis
569 1407 645 1463 uxtr
664 1405 741 1462 erit:

115 1499 329 1575 Eurytidosque
349 1500 426 1557 Ioles
446 1505 476 1557 et
494 1499 591 1557 insani
609 1499 731 1558 Alcidae

155 1595 264 1671 Turpia
282 1595 409 1653 famosus
430 1613 549 1671 corpora
568 1596 670 1670 iunget
690 1594 818 1670 Hymen.

66 1716 101 1754 1³⁵
116 1690 203 1748 Mens
222 1690 300 1766 fugit
319 1691 478 1762 admonitu,
500 1691 648 1768 frigusque
667 1689 849 1766 perambulat
868 1694 958 1761 artus,

154 1784 196 1842 Et
214 1784 290 1844 iacet
308 1785 341 1842 in
360 1785 469 1862 gremio
489 1785 626 1862 languida
644 1785 721 1844 faeta
740 1785 852 1843 manus.

115 1879 167 1937 Me
187 1898 301 1956 quoque
320 1899 386 1937 cum
406 1879 516 1950 multis,
531 1880 580 1936 sed
600 1897 647 1936 me
667 1878 863 1949 sinecrimine
883 1877 998 1936 amasti

153 1976 184 2034 N
186 1996 202 2034 e
221 1975 326 2052 pigeat,
347 1996 460 2052 pugnae
480 1976 526 2034 bis
545 1977 601 2033 tibi
620 1995 707 2033 causa
725 1975 778 2032 fui.

116 2071 232 2131 Cornua
251 2073 323 2130 flens
343 2073 414 2148 legit
433 2072 505 2148 ripis
524 2071 672 2130 Achelous
691 2071 725 2128 in
743 2071 817 2143 udis,
904 2143 907 2149 ἢ

64 2193 100 2231 :40
153 2168 324 2244 Truncaque
341 2168 445 2226 limosa
464 2174 596 2243 tempora
614 2167 715 2225 mersit
734 2186 817 2243 aqua

114 2264 240 2322 Semivir
259 2265 394 2322 occubuit
412 2265 445 2321 in
464 2264 579 2322 letifero
599 2265 701 2322 Eueno

152 2358 272 2428 Nessus,
294 2364 325 2416 et
343 2360 445 2416 iniecit
465 2359 582 2434 sanguis
602 2358 726 2434 equinus
747 2375 844 2433 aquas.

113 2454 170 2513 Sed
190 2453 261 2530 quid
281 2472 333 2528 ego
353 2453 422 2511 haec
441 2454 554 2513 referol
575 2454 714 2512 scribenti
732 2451 837 2510 nuntia
856 2451 939 2510 veuit

153 2552 252 2623 Fama,
273 2551 370 2607 virum
391 2551 505 2610 tunicae
524 2552 592 2610 tabe
612 2552 708 2628 perire
727 2568 812 2610 meae

160 2751 206 2798 123
224 2751 319 2799 euicit.
411 2749 458 2798 125
477 2768 488 2798 ε
506 2765 562 2799 oon.
660 2749 941 2809 mesopotameni
977 2747 1002 2796 V

115 2821 207 2875 tepente
223 2829 275 2864 rao.
330 2813 367 2862 Pa
387 2815 490 2863 decente.
537 2815 565 2862 M
581 2815 691 2876 tepeado.
746 2811 878 2874 Optimum
897 2810 1001 2861 eoae

110 2879 249 2938 subsequor.
326 2879 372 2928 129
388 2877 422 2926 eV
435 2880 537 2926 sublime
551 2879 596 2926 aab
612 2878 729 2926 Hercule.
805 2876 851 2925 131
867 2879 1001 2938 scapulae.

112 2942 159 2989 133
170 2941 198 2988 Μ
208 2943 311 2990 taeenti.
344 2941 380 2990 Pa
391 2943 467 2990 Aonii
478 2943 565 2990 eontra
577 2955 664 2989 omnes
675 2939 736 2989 (iod.
748 2941 773 2989 et
785 2938 850 2990 Edd.
930 2941 977 2988 135
990 2959 1002 2990 ε

111 3006 228 3055 attonita.
307 3006 354 3054 139
371 3023 382 3054 ε
398 3007 483 3054 condit
503 3006 714 3066 rapidis...uadta
747 3004 850 3065 Vleyt't
868 3003 999 3065 rapidis...

110 3070 193 3118 uadit.
227 3068 263 3118 Pa
280 3083 361 3117 errore
377 3071 461 3130 typog.
478 3071 602 3130 rtpta...to
617 3068 699 3117 codis.
765 3069 811 3115 141
828 3070 930 3116 sternet
946 3069 1002 3118 tote

109 3133 206 3183 veneni.
247 3133 396 3182 Voccatait
413 3134 452 3182 ot.-
478 3133 633 3196 temtseroque
648 3147 747 3181 veneno.
781 3131 865 3181 Madv.
883 3133 1000 3196 kattsero

111 3210 194 3247 cocao
260 3196 306 3244 143
317 3215 329 3245 ε
339 3197 417 3260 resero
429 3197 497 3245 hoec.
563 3197 610 3244 144
621 3215 632 3245 ε
638 3197 742 3259 perisse.
