<?xml version="1.0" encoding="UTF-8"?>
<!DOCTYPE html PUBLIC "-//W3C//DTD XHTML 1.0 Transitional//EN"
    "http://www.w3.org/TR/xhtml1/DTD/xhtml1-transitional.dtd">
<html xmlns="http://www.w3.org/1999/xhtml" xml:lang="en" lang="en">
 <head>
  <title>
</title>
<meta http-equiv="Content-Type" content="text/html;charset=utf-8" />
  <meta name='ocr-system' content='tesseract 3.04.00' />
  <meta name='ocr-capabilities' content='ocr_page ocr_carea ocr_par ocr_line ocrx_word'/>
</head>
<body>
  <div class='ocr_page' id='page_1' title='image "./heroidumepistul00shucgoog_0072.png"; bbox 0 0 2122 3676; ppageno 0'>
   <div class='ocr_carea' id='block_1_1' title="bbox 264 227 947 292">
    <p class='ocr_par' dir='ltr' id='par_1_1' title="bbox 264 227 947 292">
     <span class='ocr_line' id='line_1_1' title="bbox 264 227 947 292; baseline -0.013 -1"><span class='ocrx_word' id='word_1_1' title='bbox 264 232 313 292; x_wconf 86' lang='lat' dir='ltr'><strong>VI.</strong></span> <span class='ocrx_word' id='word_1_2' title='bbox 334 232 370 290; x_wconf 89' lang='lat' dir='ltr'><em>H</em></span> <span class='ocrx_word' id='word_1_3' title='bbox 372 229 575 290; x_wconf 78' lang='lat' dir='ltr'><em>YPSIPYLE</em></span> <span class='ocrx_word' id='word_1_4' title='bbox 593 228 748 289; x_wconf 79' lang='lat' dir='ltr'><em>IASONI.</em></span> <span class='ocrx_word' id='word_1_5' title='bbox 908 227 947 283; x_wconf 78' lang='lat'><strong>33</strong></span> 
     </span>
    </p>
   </div>
   <div class='ocr_carea' id='block_1_2' title="bbox 61 360 987 2665">
    <p class='ocr_par' dir='ltr' id='par_1_2' title="bbox 63 360 985 537">
     <span class='ocr_line' id='line_1_2' title="bbox 63 360 985 441; baseline -0.008 -20"><span class='ocrx_word' id='word_1_6' title='bbox 63 365 149 422; x_wconf 79' lang='lat' dir='ltr'><strong>Vota</strong></span> <span class='ocrx_word' id='word_1_7' title='bbox 168 365 222 441; x_wconf 88' lang='lat' dir='ltr'><strong>ego</strong></span> <span class='ocrx_word' id='word_1_8' title='bbox 240 364 418 441; x_wconf 67' lang='lat' dir='ltr'><strong>persolvam?</strong></span> <span class='ocrx_word' id='word_1_9' title='bbox 437 363 516 421; x_wconf 76' lang='lat' dir='ltr'><strong>votis</strong></span> <span class='ocrx_word' id='word_1_10' title='bbox 533 362 640 420; x_wconf 81' lang='lat' dir='ltr'>Medea</span> <span class='ocrx_word' id='word_1_11' title='bbox 658 360 789 418; x_wconf 85' lang='lat' dir='ltr'><strong>frueturl</strong></span> <span class='ocrx_word' id='word_1_12' title='bbox 960 384 985 426; x_wconf 64' lang='grc' dir='ltr'><em>η</em></span> 
     </span>
     <span class='ocr_line' id='line_1_3' title="bbox 103 458 836 537; baseline -0.003 -19"><span class='ocrx_word' id='word_1_13' title='bbox 103 461 162 519; x_wconf 79' lang='lat' dir='ltr'><strong>Cor</strong></span> <span class='ocrx_word' id='word_1_14' title='bbox 182 461 270 533; x_wconf 87' lang='lat' dir='ltr'><strong>dolet,</strong></span> <span class='ocrx_word' id='word_1_15' title='bbox 290 467 379 537; x_wconf 86' lang='lat' dir='ltr'><strong>atque</strong></span> <span class='ocrx_word' id='word_1_16' title='bbox 398 460 444 518; x_wconf 91' lang='lat' dir='ltr'><strong>ira</strong></span> <span class='ocrx_word' id='word_1_17' title='bbox 464 459 577 516; x_wconf 81' lang='lat' dir='ltr'><strong>mixtus</strong></span> <span class='ocrx_word' id='word_1_18' title='bbox 598 458 728 515; x_wconf 80' lang='lat' dir='ltr'><strong>abundat</strong></span> <span class='ocrx_word' id='word_1_19' title='bbox 748 476 836 516; x_wconf 88' lang='lat' dir='ltr'><strong>amor.</strong></span> 
     </span>
    </p>

    <p class='ocr_par' dir='ltr' id='par_1_3' title="bbox 64 553 876 728">
     <span class='ocr_line' id='line_1_4' title="bbox 64 553 876 632; baseline 0 -20"><span class='ocrx_word' id='word_1_20' title='bbox 64 555 151 614; x_wconf 89' lang='lat' dir='ltr'><strong>Dona</strong></span> <span class='ocrx_word' id='word_1_21' title='bbox 169 557 261 615; x_wconf 83' lang='lat' dir='ltr'><strong>feram</strong></span> <span class='ocrx_word' id='word_1_22' title='bbox 280 558 406 632; x_wconf 77' lang='lat' dir='ltr'><strong>templis,</strong></span> <span class='ocrx_word' id='word_1_23' title='bbox 427 557 529 614; x_wconf 87' lang='lat' dir='ltr'><strong>vivum</strong></span> <span class='ocrx_word' id='word_1_24' title='bbox 549 557 627 632; x_wconf 92' lang='lat' dir='ltr'><strong>quod</strong></span> <span class='ocrx_word' id='word_1_25' title='bbox 647 555 753 612; x_wconf 79' lang='lat' dir='ltr'><strong>Iasona</strong></span> <span class='ocrx_word' id='word_1_26' title='bbox 772 553 876 630; x_wconf 83' lang='lat' dir='ltr'><strong>perdol</strong></span> 
     </span>
     <span class='ocr_line' id='line_1_5' title="bbox 104 650 764 728; baseline -0.003 -19"><span class='ocrx_word' id='word_1_27' title='bbox 104 653 214 710; x_wconf 85' lang='lat' dir='ltr'><strong>Hostia</strong></span> <span class='ocrx_word' id='word_1_28' title='bbox 233 671 287 728; x_wconf 89' lang='lat' dir='ltr'><strong>pro</strong></span> <span class='ocrx_word' id='word_1_29' title='bbox 306 653 422 710; x_wconf 81' lang='lat' dir='ltr'><strong>damnis</strong></span> <span class='ocrx_word' id='word_1_30' title='bbox 441 653 575 710; x_wconf 88' lang='lat' dir='ltr'><strong>concidat</strong></span> <span class='ocrx_word' id='word_1_31' title='bbox 594 652 653 708; x_wconf 89' lang='lat' dir='ltr'><strong>icta</strong></span> <span class='ocrx_word' id='word_1_32' title='bbox 673 650 764 708; x_wconf 83' lang='lat' dir='ltr'><strong>meiel</strong></span> 
     </span>
    </p>

    <p class='ocr_par' dir='ltr' id='par_1_4' title="bbox 63 747 841 921">
     <span class='ocr_line' id='line_1_6' title="bbox 63 747 841 825; baseline -0.004 -18"><span class='ocrx_word' id='word_1_33' title='bbox 63 749 135 807; x_wconf 88' lang='lat' dir='ltr'><strong>Non</strong></span> <span class='ocrx_word' id='word_1_34' title='bbox 154 750 289 825; x_wconf 82' lang='lat' dir='ltr'>equidem</span> <span class='ocrx_word' id='word_1_35' title='bbox 309 768 411 806; x_wconf 81' lang='lat' dir='ltr'><strong>secura</strong></span> <span class='ocrx_word' id='word_1_36' title='bbox 430 749 476 807; x_wconf 83' lang='lat' dir='ltr'><strong>fui</strong></span> <span class='ocrx_word' id='word_1_37' title='bbox 485 771 494 823; x_wconf 90' lang='lat'>;</span> <span class='ocrx_word' id='word_1_38' title='bbox 520 767 691 825; x_wconf 80' lang='lat' dir='ltr'><strong>semperque</strong></span> <span class='ocrx_word' id='word_1_39' title='bbox 711 747 841 819; x_wconf 87' lang='lat' dir='ltr'><strong>verebar,</strong></span> 
     </span>
     <span class='ocr_line' id='line_1_7' title="bbox 102 845 790 921; baseline -0.004 -18"><span class='ocrx_word' id='word_1_40' title='bbox 102 845 135 903; x_wconf 89' lang='lat' dir='ltr'>N</span> <span class='ocrx_word' id='word_1_41' title='bbox 136 864 152 903; x_wconf 93' lang='lat' dir='ltr'><strong>e</strong></span> <span class='ocrx_word' id='word_1_42' title='bbox 173 851 257 921; x_wconf 89' lang='lat' dir='ltr'><strong>pater</strong></span> <span class='ocrx_word' id='word_1_43' title='bbox 276 846 416 921; x_wconf 82' lang='lat' dir='ltr'><strong>Argolica</strong></span> <span class='ocrx_word' id='word_1_44' title='bbox 435 852 563 903; x_wconf 77' lang='lat' dir='ltr'><strong>sumeret</strong></span> <span class='ocrx_word' id='word_1_45' title='bbox 582 845 655 901; x_wconf 90' lang='lat' dir='ltr'><strong>urbe</strong></span> <span class='ocrx_word' id='word_1_46' title='bbox 675 862 790 901; x_wconf 90' lang='lat' dir='ltr'><strong>nurum</strong></span> 
     </span>
    </p>

    <p class='ocr_par' dir='ltr' id='par_1_5' title="bbox 61 940 830 1116">
     <span class='ocr_line' id='line_1_8' title="bbox 61 940 830 1016; baseline -0.003 -17"><span class='ocrx_word' id='word_1_47' title='bbox 61 941 222 1016; x_wconf 74' lang='lat' dir='ltr'>Argolidas</span> <span class='ocrx_word' id='word_1_48' title='bbox 241 941 338 1001; x_wconf 82' lang='lat' dir='ltr'><strong>timui</strong></span> <span class='ocrx_word' id='word_1_49' title='bbox 378 943 479 1000; x_wconf 89' lang='lat' dir='ltr'><strong>nocuit</strong></span> <span class='ocrx_word' id='word_1_50' title='bbox 499 942 573 998; x_wconf 90' lang='lat' dir='ltr'><strong>mihi</strong></span> <span class='ocrx_word' id='word_1_51' title='bbox 593 941 718 998; x_wconf 84' lang='lat' dir='ltr'><strong>barbara</strong></span> <span class='ocrx_word' id='word_1_52' title='bbox 736 940 830 1016; x_wconf 86' lang='lat' dir='ltr'><strong>pelex.</strong></span> 
     </span>
     <span class='ocr_line' id='line_1_9' title="bbox 102 1038 718 1116; baseline -0.002 -20"><span class='ocrx_word' id='word_1_53' title='bbox 102 1038 174 1096; x_wconf 87' lang='lat' dir='ltr'><strong>Non</strong></span> <span class='ocrx_word' id='word_1_54' title='bbox 194 1044 346 1116; x_wconf 86' lang='lat' dir='ltr'><strong>expectata</strong></span> <span class='ocrx_word' id='word_1_55' title='bbox 365 1040 474 1097; x_wconf 81' lang='lat' dir='ltr'><strong>vulnus</strong></span> <span class='ocrx_word' id='word_1_56' title='bbox 493 1041 530 1097; x_wconf 84' lang='lat' dir='ltr'><strong>ab</strong></span> <span class='ocrx_word' id='word_1_57' title='bbox 550 1040 633 1097; x_wconf 84' lang='lat' dir='ltr'><strong>hoste</strong></span> <span class='ocrx_word' id='word_1_58' title='bbox 652 1038 718 1096; x_wconf 80' lang='lat' dir='ltr'><strong>tuli.</strong></span> 
     </span>
    </p>

    <p class='ocr_par' dir='ltr' id='par_1_6' title="bbox 61 1135 872 1308">
     <span class='ocr_line' id='line_1_10' title="bbox 61 1135 872 1212; baseline 0 -18"><span class='ocrx_word' id='word_1_59' title='bbox 61 1136 127 1194; x_wconf 89' lang='lat' dir='ltr'><strong>Neo</strong></span> <span class='ocrx_word' id='word_1_60' title='bbox 146 1135 221 1194; x_wconf 86' lang='lat' dir='ltr'><strong>facie</strong></span> <span class='ocrx_word' id='word_1_61' title='bbox 240 1136 410 1212; x_wconf 77' lang='lat' dir='ltr'><strong>meritisque</strong></span> <span class='ocrx_word' id='word_1_62' title='bbox 430 1137 533 1212; x_wconf 87' lang='lat' dir='ltr'><strong>placet,</strong></span> <span class='ocrx_word' id='word_1_63' title='bbox 555 1137 606 1194; x_wconf 84' lang='lat' dir='ltr'><strong>sed</strong></span> <span class='ocrx_word' id='word_1_64' title='bbox 625 1136 755 1193; x_wconf 90' lang='lat' dir='ltr'><strong>carmina</strong></span> <span class='ocrx_word' id='word_1_65' title='bbox 774 1135 872 1194; x_wconf 87' lang='lat' dir='ltr'><strong>novit:</strong></span> 
     </span>
     <span class='ocr_line' id='line_1_11' title="bbox 100 1231 711 1308; baseline 0.005 -21"><span class='ocrx_word' id='word_1_66' title='bbox 100 1231 235 1306; x_wconf 77' lang='lat' dir='ltr'><strong>Diraque</strong></span> <span class='ocrx_word' id='word_1_67' title='bbox 255 1238 373 1288; x_wconf 84' lang='lat' dir='ltr'><strong>cantata</strong></span> <span class='ocrx_word' id='word_1_68' title='bbox 392 1232 501 1308; x_wconf 89' lang='lat' dir='ltr'><strong>pabula</strong></span> <span class='ocrx_word' id='word_1_69' title='bbox 521 1231 596 1290; x_wconf 83' lang='lat' dir='ltr'><strong>falce</strong></span> <span class='ocrx_word' id='word_1_70' title='bbox 616 1232 711 1290; x_wconf 88' lang='lat' dir='ltr'><strong>metit.</strong></span> 
     </span>
    </p>

    <p class='ocr_par' dir='ltr' id='par_1_7' title="bbox 63 1317 775 1500">
     <span class='ocr_line' id='line_1_12' title="bbox 63 1317 739 1386; baseline -0.001 -2"><span class='ocrx_word' id='word_1_71' title='bbox 63 1327 121 1385; x_wconf 87' lang='lat' dir='ltr'><strong>Illa</strong></span> <span class='ocrx_word' id='word_1_72' title='bbox 141 1317 335 1385; x_wconf 73' lang='lat' dir='ltr'><strong>reluctantem</strong></span> <span class='ocrx_word' id='word_1_73' title='bbox 355 1347 442 1386; x_wconf 83' lang='lat' dir='ltr'><strong>cursu</strong></span> <span class='ocrx_word' id='word_1_74' title='bbox 462 1329 603 1386; x_wconf 81' lang='lat' dir='ltr'><strong>deducere</strong></span> <span class='ocrx_word' id='word_1_75' title='bbox 623 1327 739 1384; x_wconf 90' lang='lat' dir='ltr'><strong>Lunam</strong></span> 
     </span>
     <span class='ocr_line' id='line_1_13' title="bbox 103 1423 775 1500; baseline 0.001 -19"><span class='ocrx_word' id='word_1_76' title='bbox 103 1423 232 1496; x_wconf 86' lang='lat' dir='ltr'><strong>Nititur,</strong></span> <span class='ocrx_word' id='word_1_77' title='bbox 253 1431 284 1483; x_wconf 90' lang='lat' dir='ltr'><strong>et</strong></span> <span class='ocrx_word' id='word_1_78' title='bbox 303 1426 434 1484; x_wconf 83' lang='lat' dir='ltr'><strong>tenebris</strong></span> <span class='ocrx_word' id='word_1_79' title='bbox 454 1426 560 1483; x_wconf 88' lang='lat' dir='ltr'><strong>abdere</strong></span> <span class='ocrx_word' id='word_1_80' title='bbox 581 1424 658 1483; x_wconf 82' lang='lat' dir='ltr'><strong>Solis</strong></span> <span class='ocrx_word' id='word_1_81' title='bbox 678 1443 775 1500; x_wconf 87' lang='lat' dir='ltr'><strong>equos.</strong></span> 
     </span>
    </p>

    <p class='ocr_par' dir='ltr' id='par_1_8' title="bbox 64 1521 845 1696">
     <span class='ocr_line' id='line_1_14' title="bbox 64 1521 845 1600; baseline 0.004 -22"><span class='ocrx_word' id='word_1_82' title='bbox 64 1521 125 1578; x_wconf 85' lang='lat' dir='ltr'><strong>Illa</strong></span> <span class='ocrx_word' id='word_1_83' title='bbox 144 1521 273 1580; x_wconf 85' lang='lat' dir='ltr'><strong>refrenat</strong></span> <span class='ocrx_word' id='word_1_84' title='bbox 292 1541 390 1599; x_wconf 82' lang='lat' dir='ltr'><strong>aquae,</strong></span> <span class='ocrx_word' id='word_1_85' title='bbox 412 1525 587 1600; x_wconf 88' lang='lat' dir='ltr'><strong>obliquaque</strong></span> <span class='ocrx_word' id='word_1_86' title='bbox 608 1523 731 1580; x_wconf 88' lang='lat' dir='ltr'><strong>flumina</strong></span> <span class='ocrx_word' id='word_1_87' title='bbox 751 1523 845 1582; x_wconf 78' lang='lat' dir='ltr'><strong>sistit:</strong></span> 
     </span>
     <span class='ocr_line' id='line_1_15' title="bbox 104 1618 719 1696; baseline 0.005 -21"><span class='ocrx_word' id='word_1_88' title='bbox 104 1618 164 1676; x_wconf 89' lang='lat' dir='ltr'><strong>Illa</strong></span> <span class='ocrx_word' id='word_1_89' title='bbox 185 1618 247 1677; x_wconf 92' lang='lat' dir='ltr'><strong>loco</strong></span> <span class='ocrx_word' id='word_1_90' title='bbox 266 1621 356 1679; x_wconf 83' lang='lat' dir='ltr'><strong>silvas</strong></span> <span class='ocrx_word' id='word_1_91' title='bbox 376 1621 502 1696; x_wconf 87' lang='lat' dir='ltr'><strong>vivaque</strong></span> <span class='ocrx_word' id='word_1_92' title='bbox 522 1639 594 1678; x_wconf 83' lang='lat' dir='ltr'><strong>saxa</strong></span> <span class='ocrx_word' id='word_1_93' title='bbox 613 1626 719 1678; x_wconf 86' lang='lat' dir='ltr'><strong>movet</strong></span> 
     </span>
    </p>

    <p class='ocr_par' dir='ltr' id='par_1_9' title="bbox 63 1714 783 1889">
     <span class='ocr_line' id='line_1_16' title="bbox 63 1714 783 1793; baseline 0.004 -23"><span class='ocrx_word' id='word_1_94' title='bbox 63 1714 123 1771; x_wconf 90' lang='lat' dir='ltr'><strong>Per</strong></span> <span class='ocrx_word' id='word_1_95' title='bbox 142 1715 272 1773; x_wconf 80' lang='lat' dir='ltr'><strong>tumulos</strong></span> <span class='ocrx_word' id='word_1_96' title='bbox 292 1722 371 1774; x_wconf 91' lang='lat' dir='ltr'><strong>errat</strong></span> <span class='ocrx_word' id='word_1_97' title='bbox 391 1719 482 1793; x_wconf 78' lang='lat' dir='ltr'><strong>passis</strong></span> <span class='ocrx_word' id='word_1_98' title='bbox 502 1718 644 1775; x_wconf 80' lang='lat' dir='ltr'><strong>discincta</strong></span> <span class='ocrx_word' id='word_1_99' title='bbox 663 1716 783 1792; x_wconf 75' lang='lat' dir='ltr'><strong>capillis,</strong></span> 
     </span>
     <span class='ocr_line' id='line_1_17' title="bbox 104 1811 751 1889; baseline 0.003 -20"><span class='ocrx_word' id='word_1_100' title='bbox 104 1811 249 1888; x_wconf 74' lang='lat' dir='ltr'><strong>Certaque</strong></span> <span class='ocrx_word' id='word_1_101' title='bbox 269 1812 305 1871; x_wconf 91' lang='lat' dir='ltr'><strong>de</strong></span> <span class='ocrx_word' id='word_1_102' title='bbox 324 1814 432 1889; x_wconf 83' lang='lat' dir='ltr'><strong>tepidis</strong></span> <span class='ocrx_word' id='word_1_103' title='bbox 452 1813 563 1889; x_wconf 83' lang='lat' dir='ltr'><strong>colligit</strong></span> <span class='ocrx_word' id='word_1_104' title='bbox 583 1833 647 1871; x_wconf 79' lang='lat' dir='ltr'><strong>ossa</strong></span> <span class='ocrx_word' id='word_1_105' title='bbox 666 1813 751 1887; x_wconf 83' lang='lat' dir='ltr'><strong>rogis.</strong></span> 
     </span>
    </p>

    <p class='ocr_par' dir='ltr' id='par_1_10' title="bbox 64 1908 879 2082">
     <span class='ocr_line' id='line_1_18' title="bbox 64 1908 879 1988; baseline -0.004 -23"><span class='ocrx_word' id='word_1_106' title='bbox 64 1908 202 1967; x_wconf 87' lang='lat' dir='ltr'><strong>Devovet</strong></span> <span class='ocrx_word' id='word_1_107' title='bbox 220 1910 357 1983; x_wconf 83' lang='lat' dir='ltr'><strong>absentis,</strong></span> <span class='ocrx_word' id='word_1_108' title='bbox 379 1913 590 1988; x_wconf 78' lang='lat' dir='ltr'><strong>simulacraque</strong></span> <span class='ocrx_word' id='word_1_109' title='bbox 610 1931 691 1968; x_wconf 86' lang='lat' dir='ltr'><strong>cerea</strong></span> <span class='ocrx_word' id='word_1_110' title='bbox 711 1909 804 1984; x_wconf 86' lang='lat' dir='ltr'><strong>fingit,</strong></span> <span class='ocrx_word' id='word_1_111' title='bbox 877 1956 879 1961; x_wconf 92' lang='lat'><em>.</em></span> 
     </span>
     <span class='ocr_line' id='line_1_19' title="bbox 104 2005 779 2082; baseline -0.001 -20"><span class='ocrx_word' id='word_1_112' title='bbox 104 2005 146 2062; x_wconf 87' lang='lat' dir='ltr'><strong>Et</strong></span> <span class='ocrx_word' id='word_1_113' title='bbox 165 2006 305 2064; x_wconf 83' lang='lat' dir='ltr'><strong>miserum</strong></span> <span class='ocrx_word' id='word_1_114' title='bbox 324 2009 423 2066; x_wconf 85' lang='lat' dir='ltr'><strong>tenuis</strong></span> <span class='ocrx_word' id='word_1_115' title='bbox 444 2010 476 2065; x_wconf 93' lang='lat' dir='ltr'><strong>in</strong></span> <span class='ocrx_word' id='word_1_116' title='bbox 496 2008 577 2065; x_wconf 90' lang='lat' dir='ltr'><strong>iecur</strong></span> <span class='ocrx_word' id='word_1_117' title='bbox 595 2011 681 2082; x_wconf 86' lang='lat' dir='ltr'><strong>urget</strong></span> <span class='ocrx_word' id='word_1_118' title='bbox 700 2024 779 2076; x_wconf 84' lang='lat' dir='ltr'><strong>acus,</strong></span> 
     </span>
    </p>

    <p class='ocr_par' dir='ltr' id='par_1_11' title="bbox 66 2101 921 2260">
     <span class='ocr_line' id='line_1_20' title="bbox 66 2101 921 2179; baseline 0.002 -21"><span class='ocrx_word' id='word_1_119' title='bbox 66 2101 108 2158; x_wconf 82' lang='lat' dir='ltr'><strong>Et</strong></span> <span class='ocrx_word' id='word_1_120' title='bbox 128 2120 204 2176; x_wconf 87' lang='lat' dir='ltr'><strong>quae</strong></span> <span class='ocrx_word' id='word_1_121' title='bbox 223 2104 376 2162; x_wconf 76' lang='lat' dir='ltr'><strong>nescierim</strong></span> <span class='ocrx_word' id='word_1_122' title='bbox 395 2104 509 2162; x_wconf 83' lang='lat' dir='ltr'><strong>melius.</strong></span> <span class='ocrx_word' id='word_1_123' title='bbox 552 2104 633 2160; x_wconf 91' lang='lat' dir='ltr'><strong>Male</strong></span> <span class='ocrx_word' id='word_1_124' title='bbox 653 2103 805 2179; x_wconf 88' lang='lat' dir='ltr'><strong>quaeritur</strong></span> <span class='ocrx_word' id='word_1_125' title='bbox 824 2101 921 2160; x_wconf 77' lang='lat' dir='ltr'><strong>herbis</strong></span> 
     </span>
     <span class='ocr_line' id='line_1_21' title="bbox 105 2199 731 2260; baseline 0.003 -4"><span class='ocrx_word' id='word_1_126' title='bbox 105 2199 241 2258; x_wconf 81' lang='lat' dir='ltr'><strong>Moribus</strong></span> <span class='ocrx_word' id='word_1_127' title='bbox 261 2208 291 2258; x_wconf 90' lang='lat' dir='ltr'><strong>et</strong></span> <span class='ocrx_word' id='word_1_128' title='bbox 309 2201 405 2259; x_wconf 83' lang='lat' dir='ltr'><strong>forma</strong></span> <span class='ocrx_word' id='word_1_129' title='bbox 425 2202 623 2260; x_wconf 83' lang='lat' dir='ltr'><strong>conciliandus</strong></span> <span class='ocrx_word' id='word_1_130' title='bbox 643 2219 731 2258; x_wconf 86' lang='lat' dir='ltr'><strong>amor.</strong></span> 
     </span>
    </p>

    <p class='ocr_par' dir='ltr' id='par_1_12' title="bbox 64 2296 987 2468">
     <span class='ocr_line' id='line_1_22' title="bbox 64 2296 987 2374; baseline 0 -20"><span class='ocrx_word' id='word_1_131' title='bbox 64 2296 153 2354; x_wconf 82' lang='lat' dir='ltr'><strong>Hanc</strong></span> <span class='ocrx_word' id='word_1_132' title='bbox 172 2303 255 2372; x_wconf 79' lang='lat' dir='ltr'><strong>potes</strong></span> <span class='ocrx_word' id='word_1_133' title='bbox 274 2298 420 2374; x_wconf 79' lang='lat' dir='ltr'><strong>amplecti,</strong></span> <span class='ocrx_word' id='word_1_134' title='bbox 441 2299 628 2374; x_wconf 85' lang='lat' dir='ltr'><strong>thalamoque</strong></span> <span class='ocrx_word' id='word_1_135' title='bbox 648 2297 768 2355; x_wconf 80' lang='lat' dir='ltr'><strong>relictus</strong></span> <span class='ocrx_word' id='word_1_136' title='bbox 787 2297 819 2355; x_wconf 91' lang='lat' dir='ltr'><strong>in</strong></span> <span class='ocrx_word' id='word_1_137' title='bbox 839 2316 899 2355; x_wconf 92' lang='lat' dir='ltr'><strong>uno</strong></span> <span class='ocrx_word' id='word_1_138' title='bbox 963 2327 987 2365; x_wconf 82' lang='lat'><strong>9⁵</strong></span> 
     </span>
     <span class='ocr_line' id='line_1_23' title="bbox 104 2392 727 2468; baseline 0.005 -20"><span class='ocrx_word' id='word_1_139' title='bbox 104 2392 278 2468; x_wconf 82' lang='lat' dir='ltr'><strong>Impavidue</strong></span> <span class='ocrx_word' id='word_1_140' title='bbox 297 2411 398 2450; x_wconf 78' lang='lat' dir='ltr'><strong>somno</strong></span> <span class='ocrx_word' id='word_1_141' title='bbox 419 2400 506 2452; x_wconf 87' lang='lat' dir='ltr'><strong>nocte</strong></span> <span class='ocrx_word' id='word_1_142' title='bbox 526 2395 631 2453; x_wconf 87' lang='lat' dir='ltr'><strong>silente</strong></span> <span class='ocrx_word' id='word_1_143' title='bbox 652 2394 727 2451; x_wconf 83' lang='lat' dir='ltr'><strong>fruil</strong></span> 
     </span>
    </p>

    <p class='ocr_par' dir='ltr' id='par_1_13' title="bbox 64 2490 856 2665">
     <span class='ocr_line' id='line_1_24' title="bbox 64 2490 792 2566; baseline -0.001 -18"><span class='ocrx_word' id='word_1_144' title='bbox 64 2490 181 2548; x_wconf 80' lang='lat' dir='ltr'><strong>Scilicet</strong></span> <span class='ocrx_word' id='word_1_145' title='bbox 201 2494 236 2548; x_wconf 90' lang='lat' dir='ltr'><strong>ut</strong></span> <span class='ocrx_word' id='word_1_146' title='bbox 254 2495 365 2562; x_wconf 79' lang='lat' dir='ltr'><strong>tauros,</strong></span> <span class='ocrx_word' id='word_1_147' title='bbox 385 2490 430 2547; x_wconf 88' lang='lat' dir='ltr'><strong>ita</strong></span> <span class='ocrx_word' id='word_1_148' title='bbox 450 2497 481 2547; x_wconf 91' lang='lat' dir='ltr'><strong>te</strong></span> <span class='ocrx_word' id='word_1_149' title='bbox 500 2491 570 2566; x_wconf 88' lang='lat' dir='ltr'><strong>iuga</strong></span> <span class='ocrx_word' id='word_1_150' title='bbox 589 2491 665 2549; x_wconf 86' lang='lat' dir='ltr'><strong>ferre</strong></span> <span class='ocrx_word' id='word_1_151' title='bbox 685 2491 792 2566; x_wconf 85' lang='lat' dir='ltr'><strong>coegit:</strong></span> 
     </span>
     <span class='ocr_line' id='line_1_25' title="bbox 104 2586 856 2665; baseline -0.003 -20"><span class='ocrx_word' id='word_1_152' title='bbox 104 2586 227 2664; x_wconf 83' lang='lat' dir='ltr'><strong>Quaque</strong></span> <span class='ocrx_word' id='word_1_153' title='bbox 247 2587 326 2645; x_wconf 84' lang='lat' dir='ltr'><strong>feros</strong></span> <span class='ocrx_word' id='word_1_154' title='bbox 346 2590 460 2664; x_wconf 75' lang='lat' dir='ltr'><strong>angius,</strong></span> <span class='ocrx_word' id='word_1_155' title='bbox 481 2595 511 2646; x_wconf 91' lang='lat' dir='ltr'><strong>te</strong></span> <span class='ocrx_word' id='word_1_156' title='bbox 532 2608 647 2665; x_wconf 93' lang='lat' dir='ltr'><strong>quoque</strong></span> <span class='ocrx_word' id='word_1_157' title='bbox 666 2589 775 2645; x_wconf 88' lang='lat' dir='ltr'><strong>mulcet</strong></span> <span class='ocrx_word' id='word_1_158' title='bbox 795 2606 856 2662; x_wconf 85' lang='lat' dir='ltr'><strong>ope.</strong></span> 
     </span>
    </p>
   </div>
   <div class='ocr_carea' id='block_1_3' title="bbox 60 2872 951 3260">
    <p class='ocr_par' dir='ltr' id='par_1_14' title="bbox 60 2872 951 3260">
     <span class='ocr_line' id='line_1_26' title="bbox 111 2872 950 2938; baseline -0.008 -9"><span class='ocrx_word' id='word_1_159' title='bbox 111 2876 254 2938; x_wconf 77' lang='lat' dir='ltr'><strong>751leroc.</strong></span> <span class='ocrx_word' id='word_1_160' title='bbox 317 2878 426 2935; x_wconf 71' lang='lat' dir='ltr'><strong>Medae</strong></span> <span class='ocrx_word' id='word_1_161' title='bbox 440 2889 562 2936; x_wconf 83' lang='lat' dir='ltr'><strong>auperscr.</strong></span> <span class='ocrx_word' id='word_1_162' title='bbox 634 2877 665 2926; x_wconf 78' lang='lat'><strong>77</strong></span> <span class='ocrx_word' id='word_1_163' title='bbox 676 2872 850 2937; x_wconf 74' lang='lat' dir='ltr'><strong>EeVperdcm.</strong></span> <span class='ocrx_word' id='word_1_164' title='bbox 919 2875 950 2924; x_wconf 80' lang='grc'><strong>78</strong></span> 
     </span>
     <span class='ocr_line' id='line_1_27' title="bbox 60 2936 949 3001; baseline -0.007 -9"><span class='ocrx_word' id='word_1_165' title='bbox 60 2942 232 2993; x_wconf 63' lang='lat' dir='ltr'><strong>necaretur.</strong></span> <span class='ocrx_word' id='word_1_166' title='bbox 296 2941 519 3001; x_wconf 76' lang='lat' dir='ltr'><strong>81Eear90licac.</strong></span> <span class='ocrx_word' id='word_1_167' title='bbox 579 2938 681 2988; x_wconf 77' lang='lat' dir='ltr'><strong>82EeV</strong></span> <span class='ocrx_word' id='word_1_168' title='bbox 691 2944 823 2999; x_wconf 71' lang='lat' dir='ltr'><strong>expectato.</strong></span> <span class='ocrx_word' id='word_1_169' title='bbox 855 2936 949 2986; x_wconf 73' lang='lat' dir='ltr'><strong>Eorta</strong></span> 
     </span>
     <span class='ocr_line' id='line_1_28' title="bbox 60 3000 951 3068; baseline -0.008 -12"><span class='ocrx_word' id='word_1_170' title='bbox 60 3009 93 3056; x_wconf 77' lang='lat'><strong>83</strong></span> <span class='ocrx_word' id='word_1_171' title='bbox 105 3024 117 3056; x_wconf 80' lang='grc' dir='ltr'><strong>ε</strong></span> <span class='ocrx_word' id='word_1_172' title='bbox 127 3021 178 3055; x_wconf 80' lang='lat' dir='ltr'><strong>non</strong></span> <span class='ocrx_word' id='word_1_173' title='bbox 188 3006 282 3054; x_wconf 59' lang='lat' dir='ltr'><strong>nuntio</strong></span> <span class='ocrx_word' id='word_1_174' title='bbox 288 3007 413 3068; x_wconf 79' lang='lat' dir='ltr'><strong>facieque.</strong></span> <span class='ocrx_word' id='word_1_175' title='bbox 446 3004 470 3052; x_wconf 86' lang='lat' dir='ltr'><strong>V</strong></span> <span class='ocrx_word' id='word_1_176' title='bbox 484 3005 592 3052; x_wconf 76' lang='lat' dir='ltr'><strong>caruitne</strong></span> <span class='ocrx_word' id='word_1_177' title='bbox 607 3005 690 3059; x_wconf 74' lang='lat' dir='ltr'><strong>crevit,</strong></span> <span class='ocrx_word' id='word_1_178' title='bbox 702 3004 727 3051; x_wconf 86' lang='lat' dir='ltr'><strong>et</strong></span> <span class='ocrx_word' id='word_1_179' title='bbox 743 3001 910 3062; x_wconf 82' lang='lat' dir='ltr'><strong>eiceuperecr.</strong></span> <span class='ocrx_word' id='word_1_180' title='bbox 922 3000 951 3049; x_wconf 89' lang='lat' dir='ltr'><strong>in</strong></span> 
     </span>
     <span class='ocr_line' id='line_1_29' title="bbox 60 3065 950 3131; baseline -0.006 -12"><span class='ocrx_word' id='word_1_181' title='bbox 60 3071 93 3119; x_wconf 76' lang='grc' dir='ltr'><strong>Ε.</strong></span> <span class='ocrx_word' id='word_1_182' title='bbox 160 3069 226 3119; x_wconf 65' lang='lat'><strong>8412</strong></span> <span class='ocrx_word' id='word_1_183' title='bbox 234 3069 381 3131; x_wconf 61' lang='lat' dir='ltr'><strong>papamet.</strong></span> <span class='ocrx_word' id='word_1_184' title='bbox 396 3071 418 3128; x_wconf 83' lang='lat'><strong>7,</strong></span> <span class='ocrx_word' id='word_1_185' title='bbox 434 3068 499 3130; x_wconf 78' lang='lat'><strong>142).</strong></span> <span class='ocrx_word' id='word_1_186' title='bbox 564 3066 728 3115; x_wconf 76' lang='lat' dir='ltr'><strong>86eadderc.</strong></span> <span class='ocrx_word' id='word_1_187' title='bbox 751 3065 854 3116; x_wconf 83' lang='lat' dir='ltr'><strong>Eadre.</strong></span> <span class='ocrx_word' id='word_1_188' title='bbox 918 3066 950 3114; x_wconf 85' lang='grc'><strong>88</strong></span> 
     </span>
     <span class='ocr_line' id='line_1_30' title="bbox 60 3128 949 3198; baseline -0.009 -14"><span class='ocrx_word' id='word_1_189' title='bbox 60 3135 163 3194; x_wconf 78' lang='lat' dir='ltr'><strong>Eoioa,</strong></span> <span class='ocrx_word' id='word_1_190' title='bbox 177 3147 358 3198; x_wconf 76' lang='lat' dir='ltr'><strong>queeupereor.</strong></span> <span class='ocrx_word' id='word_1_191' title='bbox 414 3132 592 3193; x_wconf 79' lang='lat' dir='ltr'><strong>89Eapareia.</strong></span> <span class='ocrx_word' id='word_1_192' title='bbox 643 3128 743 3180; x_wconf 70' lang='lat' dir='ltr'><strong>ceuev</strong></span> <span class='ocrx_word' id='word_1_193' title='bbox 753 3143 830 3191; x_wconf 69' lang='lat' dir='ltr'><strong>maye.</strong></span> <span class='ocrx_word' id='word_1_194' title='bbox 884 3128 949 3180; x_wconf 67' lang='lat' dir='ltr'><strong>94ss</strong></span> 
     </span>
     <span class='ocr_line' id='line_1_31' title="bbox 61 3196 613 3260; baseline -0.011 -12"><span class='ocrx_word' id='word_1_195' title='bbox 61 3200 167 3247; x_wconf 73' lang='lat' dir='ltr'><strong>mobilia.</strong></span> <span class='ocrx_word' id='word_1_196' title='bbox 245 3197 309 3247; x_wconf 67' lang='lat' dir='ltr'><strong>98ss</strong></span> <span class='ocrx_word' id='word_1_197' title='bbox 323 3210 443 3260; x_wconf 74' lang='lat' dir='ltr'><strong>quomque</strong></span> <span class='ocrx_word' id='word_1_198' title='bbox 455 3196 502 3245; x_wconf 81' lang='lat' dir='ltr'><strong>sub</strong></span> <span class='ocrx_word' id='word_1_199' title='bbox 516 3209 613 3244; x_wconf 83' lang='lat' dir='ltr'><strong>rasura.</strong></span> 
     </span>
    </p>
   </div>
   <div class='ocr_carea' id='block_1_4' title="bbox 142 3283 877 3346">
    <p class='ocr_par' dir='ltr' id='par_1_15' title="bbox 142 3283 877 3346">
     <span class='ocr_line' id='line_1_32' title="bbox 142 3283 877 3346; baseline -0.008 -2"><span class='ocrx_word' id='word_1_200' title='bbox 142 3306 168 3346; x_wconf 88' lang='lat'><strong>0.</strong></span> <span class='ocrx_word' id='word_1_201' title='bbox 854 3283 877 3338; x_wconf 69' lang='lat' dir='ltr'><strong>‘t</strong></span> 
     </span>
    </p>
   </div>
   <div class='ocr_carea' id='block_1_5' title="bbox 496 3359 514 3394">
    <p class='ocr_par' dir='ltr' id='par_1_16' title="bbox 496 3359 514 3394">
     <span class='ocr_line' id='line_1_33' title="bbox 496 3359 514 3394; baseline 0 0"><span class='ocrx_word' id='word_1_202' title='bbox 496 3359 514 3394; x_wconf 77' lang='lat' dir='ltr'><strong>*ll-</strong></span> 
     </span>
    </p>
   </div>
   <div class='ocr_carea' id='block_1_6' title="bbox 0 0 1067 3676">
    <p class='ocr_par' dir='ltr' id='par_1_17' title="bbox 0 0 1067 3676">
     <span class='ocr_line' id='line_1_34' title="bbox 0 0 1067 3676; baseline 0 0"><span class='ocrx_word' id='word_1_203' title='bbox 0 0 1067 3676; x_wconf 95' lang='lat' dir='ltr'><strong> </strong></span> 
     </span>
    </p>
   </div>
  </div>
 </body>
</html>
