2122 3676
101 207 138 267 62
340 206 485 268 OVIDII
502 207 745 271 EPISTULAE.

99 337 182 394 Tunc
201 355 275 414 quae
294 335 463 413 dispensant
481 336 619 394 mortalia
637 336 698 395 faia
717 354 829 395 sorores

139 432 309 490 Debuerant
328 432 407 490 fusos
426 414 568 490 evoluisse
587 451 672 491 meos.

75 525 172 588 sTum
193 527 277 603 potui
296 526 403 585 Medea
421 528 497 586 mori
516 529 596 587 bene
638 527 779 605 quidquid
798 528 837 586 ab
856 528 910 587 illo

139 623 272 680 Produxi
291 623 385 681 vitam
403 629 539 701 temporo,
560 643 654 701 poena
672 625 737 683 fuit

100 719 139 776 Ei
158 719 249 777 mihil
269 739 321 778 our
340 739 480 797 umquam
500 720 684 779 iuvenalibus
703 726 769 779 acta
787 720 906 780 lacertis

140 816 298 874 Phrixeam
317 817 404 894 petiit
425 817 522 875 Pelias
541 817 627 874 arbor
645 817 750 875 oveml

100 911 161 969 Gur
179 931 318 988 umquam
338 912 439 971 Colchi
459 912 629 988 Magnetida
648 911 774 969 vidimus
793 911 909 988 Argon,

64 1046 88 1072 10
139 1009 293 1086 Turbaque
314 1009 485 1067 Phasiacam
505 1008 595 1066 Graia
613 1008 730 1066 bibistis
748 1009 875 1083 aquaml

101 1106 161 1165 Gur
180 1105 254 1163 mihi
272 1105 339 1182 plus
358 1123 450 1181 aequo
470 1103 540 1162 flavi
559 1103 693 1180 placuere
712 1103 810 1180 capilli

140 1201 180 1258 Et
200 1201 285 1258 decor
304 1206 335 1257 et
354 1199 470 1275 linguae
489 1200 584 1276 gratia
602 1199 671 1274 ficta
690 1199 779 1257 tuael

99 1297 166 1354 Aut
185 1297 273 1354 semel
291 1299 324 1355 in
343 1304 457 1356 nostrae
476 1298 614 1373 quoniam
632 1316 709 1355 nova
728 1296 836 1374 puppis
854 1317 961 1356 arenas

139 1391 277 1464 Venerat,
299 1393 414 1449 audacia
433 1393 629 1467 attuleratque
648 1393 735 1463 viros,

49 1479 87 1560 ‘15
100 1490 177 1548 Isset
196 1490 346 1547 anhelatos
365 1501 425 1546 non¹
445 1489 672 1565 praemedicatum
691 1489 724 1546 in
743 1489 826 1566 ignea

140 1586 298 1643 Immemor
317 1585 477 1642 Aesonides
498 1603 604 1662 oraque
624 1585 736 1643 adunca
756 1587 852 1660 boum,

101 1682 217 1740 Semina
236 1681 357 1756 iecisset,
377 1682 501 1740 totidem
521 1682 641 1739 sevisset
661 1688 692 1740 et
710 1683 816 1756 hostes,

112 1844 115 1849 .
140 1778 180 1836 Et
200 1778 315 1837 caderet
334 1779 416 1836 cultu
436 1778 530 1836 cultor
549 1778 586 1835 ab
606 1778 667 1854 ipse
687 1798 746 1838 suo.
949 1847 952 1851 ⁴

101 1873 251 1942 Quantum
270 1873 406 1951 perfidiae
425 1879 530 1944 tecum,
552 1872 696 1945 scelerate,
717 1872 846 1949 perisset,

57 2010 88 2034 120
141 1971 269 2047 Dempta
288 1971 385 2029 forent
404 1969 493 2046 capiti
513 1988 601 2046 quam
620 1969 698 2026 mala
717 1971 812 2027 multa
831 1973 914 2028 meo!

100 2067 155 2125 Est
174 2068 272 2144 aliqua
290 2069 405 2144 ingrato
425 2066 562 2124 meritum
583 2067 756 2142 exprobrare
776 2067 929 2144 voluptas:

140 2165 206 2222 Hac
225 2167 313 2238 fruar,
333 2166 405 2223 haec
425 2166 460 2222 de
480 2171 510 2221 te
530 2164 636 2239 gaudia
656 2164 717 2221 sola
735 2163 834 2223 feram

99 2260 201 2318 Iussus
220 2261 401 2336 inexpertam
423 2260 545 2317 Colchos
564 2260 714 2317 advertere
735 2261 864 2337 puppim,

139 2357 262 2413 Intrasti
283 2357 392 2432 patriae
412 2376 501 2431 regna
519 2357 603 2413 beata
623 2375 710 2414 meae.

63 2485 87 2522 25
100 2455 167 2512 Hoc
186 2454 247 2511 illio
266 2453 371 2511 Medea
390 2454 441 2525 fui,
462 2473 538 2510 nova
558 2460 649 2528 nupta
669 2454 746 2529 quod
766 2453 814 2511 hio
833 2459 886 2511 est.

140 2550 235 2620 Quam
255 2556 338 2625 pater
357 2555 403 2605 est
422 2548 475 2619 illi,
496 2555 557 2606 tam
577 2549 650 2605 mihi
670 2549 752 2606 dives
772 2554 843 2606 erat.

99 2646 160 2704 Hic
180 2646 318 2723 Ephyren
338 2647 486 2716 bimarem,
508 2645 627 2720 Scythia
647 2650 733 2702 tenus
752 2644 803 2701 illo
822 2645 925 2702 nivosa

139 2741 233 2798 Omne
253 2745 342 2811 tenet,
364 2739 531 2815 Pontique
550 2740 635 2816 plaga
653 2739 737 2797 laeva
756 2739 838 2798 iacet.

148 3002 286 3064 3ePafilo.
335 3003 448 3053 deHeu.
501 3002 531 3050 13
543 3001 576 3049 eV
587 3008 620 3050 ot.
667 3002 697 3052 17
709 3019 721 3048 e
726 3002 824 3062 jecisset
836 3002 986 3064 totidemque

100 3073 229 3116 resonaret
244 3067 330 3115 imatos.
363 3066 400 3115 Pa
415 3064 479 3128 conj.
491 3068 585 3114 semino
599 3067 698 3114 receset
711 3067 812 3114 totidem
822 3072 880 3126 quot
891 3069 987 3116 semino

100 3138 123 3180 et
138 3133 224 3180 hostes.
257 3129 284 3177 M
299 3132 399 3179 secutus
418 3145 475 3178 sum
489 3129 540 3177 nisi
556 3129 623 3189 quod
633 3130 734 3190 jecisset
748 3144 794 3190 pro
806 3131 907 3178 rechart
917 3129 987 3180 edidi

101 3193 455 3245 secundumGetvett.Edd.
520 3195 550 3241 18
562 3194 595 3242 eV
606 3201 642 3242 ct.
707 3194 828 3256 25Vsui.
