2122 3676
310 234 341 296 V.
365 231 540 294 OENONE'
554 232 715 291 PARIDI.
916 233 952 292 27

64 365 96 422 N
97 384 156 422 unc
175 362 233 422 tibi
252 362 433 422 conveniunt
453 383 527 441 quae
546 369 577 422 te
596 384 649 442 par
669 369 770 441 aperta
793 370 954 443 sequantur

104 462 254 538 Aequora,
276 460 422 538 legitimos
442 460 664 539 destituantque
682 462 776 523 viros„

64 559 111 616 At
130 577 206 619 cum.
217 576 329 634 pauper
347 577 412 616 eras
431 563 620 634 armentaque
640 564 740 635 pastor
759 559 871 636 agebas,

104 655 199 714 Nulla
219 654 278 718 nisi
298 654 418 712 Oenone
437 632 573 732 pauperis
593 673 669 712 uxor
688 660 758 716 erat.
967 684 991 720 80

64 751 135 812 Non
155 771 208 829 ego
223 751 318 813 ,miror
338 770 414 828 opes,
435 771 490 810 nec
508 772 556 810 me
575 759 629 811 tua
647 752 727 829 regia
746 751 850 829 tangit,

103 848 169 907 Nec
188 848 231 910 de¹
244 853 290 907 tot
311 847 424 906 Priami
444 848 525 906 dicar
543 853 579 907 ut
597 867 658 906 una
677 867 776 924 nurus.

62 944 134 1004 Non
153 951 252 1003 tamen
272 951 307 1004 ut
326 944 461 1003 Priamus
481 943 627 1021 nymphae
647 963 727 1002 socer
746 962 807 1002 esse
827 950 949 1015 recuset,

102 1040 171 1099 Aut
190 1041 331 1103 Hecubae
350 1041 455 1100 fuerim
476 1041 685 1100 dissimulanda
704 1059 802 1101 nurus
982 1104 984 1110 ,

62 1135 221 1213 Dignaque
241 1155 307 1195 sum
327 1141 358 1194 et
377 1130 463 1214 cupio
482 1137 546 1196 fieri
566 1142 700 1195 matrona
719 1137 864 1214 potentis:
963 1167 987 1212 8⁵

101 1229 179 1288 Sunt
198 1228 280 1302 mihi,
301 1249 374 1307 quas
393 1231 507 1308 possint
527 1238 641 1309 sceptra
660 1232 768 1304 decere,
790 1250 902 1293 manus.

60 1329 125 1388 Nec
145 1348 201 1402 me,
222 1329 338 1407 faginea
357 1331 436 1407 quoe
455 1336 551 1394 tecum
571 1332 674 1391 fronde
694 1332 830 1407 iacebam,

99 1425 247 1512 Despica
277 1445 424 1504 purpureo
443 1448 510 1487 sum
529 1428 621 1506 magis
641 1435 711 1507 apta
729 1436 802 1489 toro.

59 1521 197 1598 Denique
216 1527 301 1584 tutus
321 1543 402 1583 amor
421 1544 504 1584 meus
523 1532 568 1585 est
588 1525 651 1586 tibi
696 1527 778 1584 nulla
796 1531 939 1604 parantur

99 1617 192 1691 Bella,
214 1639 267 1677 nee
287 1619 405 1680 ultrices
425 1621 544 1680 advehit
563 1622 644 1681 unda
663 1629 750 1682 rates.
961 1654 985 1690 90

57 1712 203 1791 Tyndaris
223 1712 337 1774 infestis
357 1715 484 1793 fugitiva
504 1718 667 1794 reposcitur
685 1719 792 1781 armis:
995 1728 1001 1741 “

99 1807 168 1866 Hac
187 1810 270 1868 venit
290 1810 323 1868 in
342 1810 486 1871 thalamos
505 1813 573 1871 dote
593 1813 718 1889 superba
737 1820 812 1873 tuos

57 1903 142 1974 Quae
161 1904 187 1963 si
205 1905 246 1964 sit
266 1905 379 1964 Danais
399 1907 555 1982 reddenda,
575 1908 624 1967 vel
644 1908 776 1967 Hectora
794 1909 923 1982 fratrenn

99 2000 159 2059 Vel
179 2020 246 2060 eum
266 2001 419 2079 Deiphobo
440 2003 654 2079 Polydamante
672 2022 749 2079 roga.

57 2096 139 2168 Quid
158 2098 256 2174 gravis
276 2099 421 2175 Antenor,
443 2098 579 2160 Priamus
600 2099 672 2178 quid
692 2100 813 2158 suadeat
832 2098 904 2177 ipse,
958 2127 982 2164 9⁵

97 2191 232 2267 Consule,
254 2194 321 2271 quis
336 2201 421 2254 aetas
440 2197 528 2272 longa
546 2197 687 2272 magistre
706 2195 770 2254 fuit
884 2216 887 2225 ·

56 2288 154 2365 Turpe
172 2289 381 2364 rudimentum,
402 2292 514 2369 patriae
532 2312 708 2370 praeponere
727 2297 849 2369 raptam
922 2309 925 2314 ·

97 2382 204 2448 (tanna¹
210 2384 346 2460 pudenda
366 2391 493 2447 tuaest.
532 2386 612 2446 iusta
631 2386 677 2444 vir
690 2405 779 2452 ‚arma
798 2390 905 2444 movet.

56 2476 121 2535 Neo
141 2476 206 2552 tibi,
228 2479 253 2538 si
272 2478 375 2557 sapies,
397 2480 486 2539 fidem
505 2480 645 2557 promitte
660 2480 839 2553 Lacaenam,
955 2527 956 2532 ,

98 2573 179 2642 Quae
199 2574 291 2633 sitin
311 2576 462 2654 amplexus
483 2583 545 2635 tam
568 2577 627 2635 cito
647 2595 732 2635 versa
750 2583 824 2634 tuos.

56 2670 104 2732 Ut
122 2671 219 2730 minor
237 2672 360 2732 Atrides
380 2673 516 2737 temerati
534 2674 650 2733 foedera
669 2673 739 2732 lecti

97 2764 220 2838 Clamat,
241 2772 272 2837 et
292 2773 414 2827 externo
433 2768 536 2834 laesus,
549 2787 646 2826 amore
666 2767 753 2842 dolet,

51 3081 54 3088 ,
103 3022 134 3074 77
155 3019 215 3071 mv
233 3035 297 3071 nunc
320 3028 399 3072 tecum
414 3025 525 3089 veniunt.
559 3021 594 3074 Ν
610 3027 754 3084 sequamur.
852 3021 883 3072 78
901 2988 941 3071 'Ee

53 3085 201 3135 destituunt.
276 3087 411 3156 84ehcnt.
493 3087 653 3154 ettamen
733 3082 765 3132 86
775 3083 822 3155 ΕΝ
828 3088 939 3147 possunt.

50 3155 383 3263 &igaetposaugiimw'
410 3151 490 3267 ι999ίέ
497 3151 520 3219 Ε
535 3152 629 3228 αᾲυοίε,
644 3215 646 3218 y
663 3149 937 3262 10i³EEuiierHiit⁰m

130 3228 200 3262 neu
265 3228 292 3276 ap
354 3248 361 3265 .
502 3229 598 3279 captae.
775 3228 880 3288 vic„
