2122 3676
100 285 137 342 38
343 281 488 342 OVIDII
503 281 746 344 EPISTULAE.

99 413 170 470 Non
189 417 289 469 tamen
307 410 439 483 Aenean,
460 411 593 488 quamvis
612 411 689 469 male
708 411 825 487 rogitat,
845 411 911 471 odi:

63 530 88 566 30
140 507 198 564 Sed
217 525 323 582 queror
341 506 474 580 infidum,
496 512 657 582 questaque
676 507 760 582 peius
779 525 853 566 amo.

100 602 199 674 Parce,
221 602 332 673 Venus,
353 603 450 673 nurui,
472 603 636 678 durumque
656 601 829 677 amplectere
847 603 981 677 fratrem,

139 699 244 756 Frater
262 698 374 757 Amor:
399 698 501 755 castris
520 698 629 755 militet
649 697 700 755 ille
720 698 787 755 tuis

16 811 45 823 ‘-
100 795 166 852 Aut
187 814 239 870 ego
259 814 347 870 quem
367 795 456 870 coepi,
477 813 572 869 neque
592 793 672 850 enim
691 793 838 870 dedignor,
853 814 993 854 amare-

141 891 300 948 Materiam
321 910 407 948 curae
426 891 562 966 praebeat
582 889 632 946 ille
652 907 741 947 meae.

63 1014 87 1052 35
100 988 207 1060 Fallor,
229 994 259 1045 et
278 989 337 1045 ista
355 987 428 1044 mihi
447 986 521 1044 falso
540 986 668 1061 iactatur
686 987 789 1064 imago.

141 1083 248 1140 Matris
268 1083 305 1140 ab
324 1081 442 1157 ingenio
461 1082 583 1140 dissidet
602 1083 653 1140 ille
672 1102 749 1140 suae.

100 1179 141 1236 Te
162 1179 236 1254 lapis
257 1184 287 1235 et
306 1184 420 1235 montes
440 1179 600 1254 innataque
620 1179 743 1254 rupibus
763 1177 831 1236 altis

141 1275 266 1347 Robora,
288 1281 318 1332 te
338 1294 440 1332 saevae
459 1294 637 1351 progenuere
656 1275 743 1347 ferae,

101 1371 167 1428 Aut
186 1390 274 1441 mare,
298 1372 384 1446 quale
404 1372 486 1428 vides
506 1372 612 1446 agitari
632 1391 710 1428 nuno
732 1389 848 1447 quoque
870 1371 984 1432 venais:

64 1495 90 1530 40
141 1466 206 1534 Quo
225 1473 326 1522 tamen
346 1466 475 1522 adversis
495 1467 633 1523 fluctibus
652 1465 695 1522 ire
714 1483 808 1541 paras.

103 1561 168 1630 Quo
182 1561 277 1637 fugiat
297 1563 394 1619 obstat
408 1562 535 1637 hiemps!
556 1563 673 1619 Hiemis
686 1563 761 1619 mihi
773 1563 869 1639 gratia
886 1563 990 1638 prosit.

141 1658 260 1734 Aspice,
281 1664 317 1715 ut
337 1677 452 1714 eversas
473 1659 600 1715 concitet
620 1678 707 1716 eurus
726 1678 824 1735 aquas.

103 1756 188 1826 Quod
208 1757 264 1814 tibi
283 1756 450 1830 malueram,
473 1756 537 1812 sine
557 1776 604 1812 me
624 1757 729 1814 debere
748 1757 896 1832 prooellis:

142 1852 253 1910 Iustior
272 1859 316 1910 est
336 1854 434 1909 animo
453 1859 559 1908 ventus
580 1859 610 1908 et
629 1852 709 1908 unda
728 1858 787 1910 tuo.

65 1977 89 2014 4⁵
102 1951 173 2007 Non
193 1969 245 2025 ego
265 1969 330 2007 sum
350 1948 549 2024 tanti—quid
568 1968 628 2005 non
649 1958 682 2005 ta
701 1948 781 2005 reris
792 1948 914 2024 inique?

143 2047 189 2105 Ut
208 2066 316 2122 pereas,
339 2047 408 2103 dum
429 2065 476 2102 me
496 2065 548 2121 per
567 2046 644 2101 freta
664 2046 751 2121 longa
770 2045 854 2121 fugis.

102 2141 229 2198 Exerces
248 2142 374 2217 pretiosa
394 2142 461 2197 odia
481 2148 511 2197 et
531 2141 696 2197 constantia
716 2160 829 2216 magno,

142 2236 182 2307 Si,
205 2236 275 2292 dum
295 2255 342 2291 me
363 2255 469 2306 careas,
490 2242 535 2291 est
555 2236 612 2292 tibi
632 2236 691 2292 vilo
711 2237 793 2294 mori.

103 2332 168 2389 Iam
187 2331 270 2388 venti
290 2336 407 2406 ponent,
429 2336 580 2405 strataque
600 2331 761 2406 aequaliter
781 2329 861 2387 unda

66 2455 91 2492 50
143 2427 291 2486 Caeruleis
309 2425 412 2482 Triton
431 2445 483 2502 per
503 2447 583 2483 mare
604 2433 701 2484 curret
721 2427 812 2502 equis.

103 2523 147 2581 Tu
167 2542 283 2599 quoque
303 2540 368 2578 eum
388 2521 486 2578 ventis
506 2523 622 2578 utinam
642 2523 793 2579 mutabilis
813 2540 916 2579 esses...

143 2618 183 2675 Et
202 2618 256 2674 nisi
280 2617 390 2674 duritia
409 2619 513 2674 robora
534 2618 634 2689 vincis,
659 2619 724 2674 eris.

151 2819 315 2879 Mesogitet.
387 2817 626 2879 30Equestamque.
692 2817 756 2879 3be
771 2823 844 2877 atque
858 2831 902 2879 eqo
917 2831 990 2879 quiae.

104 2883 190 2932 ababa
201 2898 244 2943 eqo
256 2898 334 2945 quem.
367 2880 450 2930 Madv.
465 2896 672 2943 qaae...amorem.
705 2881 793 2929 VMPa
806 2887 850 2928 aut
865 2896 907 2940 eoo
918 2896 989 2942 quae.

103 2945 281 2995 Anaooluthon
290 2945 402 2994 defendit
411 2946 454 2994 Pa.
506 2946 702 2993 42Eadveraas.
750 2946 781 2992 45
792 2948 889 2993 turario
902 2944 992 3006 scripsi

102 3023 155 3072 030,
180 3009 285 3070 vestigia
309 3010 337 3058 P.
362 3013 471 3066 secutus,
496 3008 541 3069 qui
568 3009 633 3056 tanti
658 3010 701 3068 qui
726 3024 775 3056 aon
798 3011 857 3056 -err'a
884 3007 992 3072 (syllaba

101 3072 184 3136 prima
200 3073 301 3134 ineerta,
321 3075 411 3122 Heius.
433 3071 540 3135 terreris)
557 3071 665 3120 exhibet.
698 3071 720 3118 Ε
743 3088 817 3133 qaam
835 3080 863 3120 tu
884 3074 992 3130 dimittis

102 3140 195 3200 satque.
229 3141 366 3198 equaraoia
381 3139 505 3185 merearis.
538 3136 561 3183 V
575 3137 635 3196 qaid
649 3151 698 3183 aon
712 3139 846 3184 mediteris.
879 3136 915 3184 Pa
929 3138 992 3198 quid

102 3217 152 3252 aaa
166 3204 277 3260 censeris,
295 3216 319 3261 q.
336 3216 360 3249 v.
377 3200 505 3248 aestimas.
542 3199 569 3247 M
586 3200 649 3261 qaod
666 3215 715 3248 aaa
731 3203 846 3259 verearis,
859 3199 903 3250 sed
918 3199 993 3250 obelo

102 3267 184 3315 notat.
220 3265 303 3313 Madv.
316 3267 376 3327 qaid
387 3279 429 3312 aas
440 3265 534 3312 aretia-ie
545 3266 639 3325 inique.
710 3265 740 3312 52
752 3264 774 3311 E
786 3266 822 3315 ai.
