2122 3676
98 285 117 344 a
337 275 482 341 ormu
499 275 740 341 murmur.
798 323 800 327 .

95 410 233 490 Turpiter
252 409 413 489 hospitium
432 411 508 471 laeto
527 411 689 471 cumulasse
708 409 800 488 iugali

135 502 279 584 Paenitet,
301 515 332 568 et
349 508 436 567 lateri
454 508 633 567 eonsemisse
651 507 737 566 latus.

15 639 20 648 ι
96 605 177 676 Quae
197 604 256 662 fuit
275 594 344 661 ante
363 603 453 678 illam,
474 602 593 661 mallem
613 621 748 679 suprema
767 601 871 661 suisset

58 716 83 755 ⁶0
136 701 208 760 Nox
226 694 307 775 mihi,
329 699 399 758 dum
412 695 498 776 potui
517 698 633 775 Phyllis
652 698 774 758 honesta
793 697 877 759 mori.

97 787 218 874 Speravi
236 795 349 871 melius,
370 796 441 874 quia
459 813 508 854 me
526 796 667 855 meruisse
686 796 799 873 putavi.

135 890 342 968 Quaecumque
362 910 400 948 ex
418 890 524 949 merito
543 909 608 968 spes
627 888 718 965 veuit,
740 911 833 969 aequa
851 893 942 950 venit
1022 935 1026 944 .

96 987 210 1046 Fallere
229 985 396 1045 credentem
415 1004 475 1042 non
495 990 679 1062 est-operosa
697 985 826 1062 puellam

93 1077 98 1090 ⁶
135 1082 243 1142 Gloria
284 1081 455 1159 simplicitas
473 1081 562 1159 digna
580 1081 680 1148 favore
698 1082 765 1143 fuit.

58 1194 82 1242 ⁶⁵
95 1179 167 1237 Sum
186 1178 307 1256 derepta
324 1177 386 1237 tuis
407 1184 437 1237 et
457 1173 557 1236 amans
577 1184 608 1259 et
627 1178 737 1237 famina
756 1179 860 1240 verbis

68 1306 70 1309 v
134 1275 177 1333 Di
195 1275 312 1349 faciant,
334 1275 431 1334 laudis
450 1294 563 1333 summa
582 1276 623 1335 sit
642 1275 701 1334 ista
719 1282 796 1336 tuae.

94 1371 180 1431 Inter
193 1363 231 1430 'et
249 1371 379 1449 Aegidas
397 1371 494 1430 media
512 1373 652 1430 statuaris
671 1372 704 1430 in
723 1374 810 1432 urbe:
864 1374 867 1382 '

132 1466 423 1545 Magnificus-titulis
442 1472 501 1526 stet
520 1474 604 1545 pater
623 1475 691 1526 ante
710 1469 785 1527 suis:

94 1564 168 1623 Oum
187 1561 278 1621 fuerit
298 1561 401 1620 Seiron
420 1563 514 1620 lectus
531 1569 689 1640 torvusque
709 1562 879 1622 Proemstas
921 1563 922 1567 ’
963 1565 965 1569 ’

56 1692 81 1730 70
132 1661 174 1718 Et
194 1660 280 1733 Sinis,
300 1665 332 1718 et
350 1659 431 1717 tauri
449 1661 602 1736 mixtaque
620 1659 715 1718 forma
733 1658 801 1734 viri,

93 1755 135 1815 Et
154 1755 281 1815 domitae
301 1755 377 1814 bello
397 1755 520 1829 Thebae,
542 1755 657 1832 fusique
677 1755 851 1814 bimembres

132 1851 173 1912 Et
191 1848 405 1930 pulsatamgri
422 1853 503 1930 regia
522 1871 606 1912 eaeea
624 1853 680 1926 dei,

92 1949 161 2008 Hoc
179 1955 233 2008 tua
251 1955 319 2028 post
338 1950 404 2009 illos
422 1949 512 2009 titulo
531 1949 663 2028 signetur
682 1950 786 2026 image,

77 2080 88 2136 p
134 2046 208 2104 ‘Hic
228 2052 281 2121 est,
303 2047 386 2106 auius
405 2065 506 2105 amans
525 2046 642 2124 hospita
661 2051 746 2124 eapte
765 2045 831 2104 dolo
851 2045 913 2104 est!

55 2166 79 2206 ⁷⁵
92 2141 138 2200 De
158 2147 243 2200 tanta
261 2162 360 2202 rerum
378 2144 467 2202 turba
485 2144 627 2220 factisque
645 2143 776 2222 parentis

132 2239 215 2298 Sedit
234 2241 267 2298 in
287 2241 405 2318 ingenio
425 2242 528 2301 Ouessa
546 2242 648 2301 relicta
666 2247 728 2302 tuo,

93 2335 179 2406 Quod
198 2336 293 2395 solum
313 2343 443 2410 excusat,
463 2339 558 2396 solum
577 2338 693 2397 miraris
710 2338 744 2396 in
763 2338 822 2399 illo.

134 2431 300 2492 Haeradam
319 2434 440 2511 patriae,
460 2436 577 2513 perfida,
598 2437 710 2496 fraudis
729 2437 800 2514 agis.

92 2527 244 2587 illa...nea
262 2528 530 2590 invideo...fruitur
547 2533 667 2592 meliore
686 2533 801 2603 marito,

55 2641 81 2679 ao
134 2623 230 2700 Inque
249 2623 414 2700 capistratis
433 2624 559 2702 tigribus
577 2627 639 2685 alta
658 2627 745 2686 sedet

96 2718 139 2776 At
158 2721 370 2798 meadespaeti
388 2722 508 2798 fugiunt
527 2724 651 2782 conubia
669 2724 803 2797 Thraces,

134 2815 220 2885 Quod
239 2817 317 2874 ferar
335 2822 492 2877 externum
510 2819 709 2898 praeposuisse
728 2819 809 2878 meis.

141 2959 277 3023 61Equue
285 2962 409 3021 nurture,
417 2976 468 3012 om.
477 2964 547 3025 quia.
570 2963 758 3015 Mdemerur'sse.
784 2963 983 3013 theuteruisse.

92 3022 234 3076 ossuum.
301 3027 487 3090 66Esueiuat.
536 3027 678 3077 uasorum.
712 3029 815 3078 Chiron.
842 3031 846 3038 ⁴
880 3029 911 3078 72
926 3029 984 3076 eEt

88 3091 193 3150 pulsata
204 3090 244 3138 dei
254 3092 326 3152 repta
337 3092 403 3140 celsa
412 3091 489 3152 uiuri.
524 3090 572 3140 EV
586 3093 623 3140 Et
633 3093 737 3154 pulsatu
751 3094 819 3153 uiuri
833 3093 905 3153 repiu
917 3093 984 3140 celsa

92 3153 170 3203 Ditis.
254 3157 284 3206 73
300 3155 323 3202 E
339 3157 393 3204 illo.
469 3154 539 3206 75ss
557 3157 692 3218 tantisque.
767 3159 922 3208 'tiesotum
938 3156 983 3205 hoe

91 3218 201 3265 miram.
239 3216 263 3268 V
280 3219 359 3267 solum
379 3219 497 3269 imitaris.
594 3220 627 3268 80
647 3220 670 3268 Ε
692 3227 767 3285 eaput
788 3219 980 3270 stratis-sedit.

92 3281 194 3330 BlEa.
259 3282 410 3344 82Eseror.
514 3326 517 3334 .
